2538 4224
369 445 524 518 canusinus
545 445 750 490 mammonin.
951 427 988 484 55

131 553 206 614 Cum
221 551 312 615 sinas
325 569 432 633 parvas
451 559 525 616 tuno
539 554 720 631 gasagnabai
734 553 771 616 ad
785 569 865 616 arma
880 603 887 634 ,

167 657 251 718 Dum
265 657 422 739 layssabat
437 673 499 736 eas,
521 656 651 736 quisquo
665 657 783 720 rebellis
797 665 878 736 erat;

127 759 164 822 Et
180 760 374 840 gannisonos,
392 759 506 838 siquas
524 761 652 840 ponebat
670 761 707 824 ad
720 760 806 838 illas,

165 867 275 928 Pnasto
290 881 363 928 oum
383 863 470 926 farris
490 863 558 925 vilia
573 864 676 926 tnahat
690 881 751 926 oas.

128 968 218 1030 Sanot
233 967 459 1051 Mayssominus
474 969 532 1029 fort
547 967 625 1028 noni
647 971 778 1032 usolatus
791 969 829 1031 ab
843 966 934 1047 ipsis,

166 1073 214 1134 Ad
234 1074 432 1152 garnisonem
448 1077 567 1139 verbera
588 1077 682 1137 multa
696 1073 786 1138 dedit.

129 1173 175 1238 Sio
191 1195 354 1256 nunquam
369 1177 467 1258 potnit
486 1179 570 1242 uillas
584 1179 614 1241 in
627 1195 697 1258 paca
711 1183 832 1256 lanera,

167 1279 323 1346 Continuo
337 1301 448 1366 paysus
468 1301 499 1345 so
513 1283 669 1346 roborabat
687 1279 726 1344 oi.

131 1384 301 1449 Demandat
316 1387 459 1450 Fransam
475 1403 592 1466 somnes
606 1385 758 1452 Provincia
773 1395 871 1450 nostra
887 1437 894 1466 ‚

169 1488 235 1551 Non
254 1490 388 1553 similem
403 1491 522 1553 nobbat
536 1491 648 1553 Franca
662 1509 767 1554 corona
782 1491 883 1554 fidem.

134 1591 205 1664 Quae
225 1596 299 1658 iecit
314 1597 441 1659 referam
455 1594 575 1659 Soiienis
595 1595 661 1657 iiiia
677 1597 813 1666 saloma,

127 1747 130 1758 .
171 1699 246 1772 Qnae
261 1708 346 1764 tonat
358 1701 396 1763 ad
409 1716 532 1778 guerras
545 1700 605 1762 font
619 1701 760 1778 populare
771 1701 894 1762 bonnm.

133 1802 200 1880 Ung
213 1805 323 1882 jornus
338 1803 438 1866 villam
453 1803 551 1866 subito
565 1809 712 1882 trompoia
728 1804 872 1884 somanit,

171 1907 312 1971 Randora
331 1925 363 1970 so
377 1909 465 1969 valiat
479 1912 597 1986 prosto,
617 1905 823 1970 1’eraudusaia
838 1930 845 1970 :

134 2004 299 2087 Respondit
314 2011 455 2090 populus,
471 2010 550 2088 quod
565 2027 624 2072 non
639 2027 671 2072 se
688 2011 824 2074 uenderet
837 2010 901 2084 ini.

174 2112 276 2193 Atque
291 2117 383 2178 malet
399 2114 498 2195 potius
512 2113 605 2195 patria
623 2120 685 2177 iota
700 2114 786 2178 mori.

136 2213 204 2278 Post
218 2218 371 2282 modionm
384 2219 494 2280 bosans
508 2215 618 2280 iterum
632 2224 778 2298 trompeia
793 2218 905 2300 sononia
919 2267 926 2298 ,

175 2317 346 2385 Sollicitam
360 2322 521 2401 populum,
541 2319 636 2382 dulcia
650 2322 736 2383 uerba
750 2322 888 2399 loquens.

138 2415 161 2479 0
176 2437 270 2498 quam
283 2425 364 2486 finus
381 2429 444 2486 orat
459 2439 512 2502 pro
530 2429 707 2485 oontornaro
724 2424 753 2484 la
768 2434 887 2499 gentem
900 2425 906 2484 1

177 2523 339 2590 Sermones
358 2525 482 2590 blandos
496 2524 598 2604 lingua
610 2524 723 2588 irianda
738 2525 836 2587 daban

140 2625 257 2708 Spagna
273 2647 451 2708 magagnosa
464 2631 608 2693 Fransam
622 2637 775 2710 numnam
788 2629 954 2707 trabalhat;
976 2642 983 2662 ·

179 2741 235 2806 (ff
246 2735 369 2817 Hispani
390 2737 520 2815 flottam,
540 2735 659 2814 qnando
676 2731 786 2796 trahine
801 2735 915 2796 volunt.

141 2830 174 2894 in
189 2853 327 2902 sermone
346 2857 400 2902 sno
414 2855 531 2918 semper
544 2841 617 2902 latet
632 2835 738 2916 anguis
751 2835 781 2899 in
796 2837 906 2916 horba;

180 2935 329 3017 Linguam
343 2940 481 3003 formant
500 2943 630 3021 qualquo
648 2942 756 3004 toletus
774 2940 827 3004 aia.

142 3034 263 3107 Quando
282 3049 389 3123 nolunt
408 3042 530 3122 aliquid,
544 3043 692 3123 paadnioia
712 3044 800 3105 verba
814 3042 987 3126 imbibant,

181 3139 336 3207 Flattenias
349 3147 459 3226 insunt,
483 3147 569 3209 conde
589 3163 700 3208 vonena
715 3151 829 3209 lonenl.

145 3238 329 3312 Damandant
343 3257 453 3329 trevas,
474 3249 592 3329 quando
606 3265 664 3310 non
681 3247 797 3313 vincare
811 3257 955 3330 possunt,
979 3319 993 3332 Q

182 3347 220 3412 m
239 3352 409 3417 machinare
425 3357 539 3434 volunt,
562 3369 613 3416 sen
629 3351 770 3416 fabricam
784 3356 908 3418 malum.
