2504 4240
386 428 542 482 olnouioul
564 430 769 476 iunnnnnnnis.
972 417 1004 476 3⁴

152 537 192 600 Ul
207 537 285 599 bene
296 537 464 616 palparent,
484 539 578 601 oculis
589 547 619 603 et
634 548 742 603 cuncta
757 539 909 620 uiderent,

191 640 225 704 Si
238 643 267 703 le
278 657 402 720 mmpus
416 640 458 704 ibi
471 649 570 722 posset
582 643 693 706 habere
706 645 817 708 locum.

151 742 295 823 Princeps
307 743 344 806 de
357 743 465 823 Melli,
481 745 652 826 Stephanus
671 745 712 809 sio
726 745 789 827 ipse
805 747 968 828 Columna,

191 845 231 908 Et
249 845 500 927 llontegehanus‚
521 857 552 910 et
566 849 740 912 Bona-Vale
757 848 867 930 simul,

150 949 299 1014 Viderunt
313 951 394 1014 recti
405 957 478 1014 tunc
493 950 642 1015 territoria
656 954 773 1032 multa,

191 1055 268 1128 Qnae
278 1057 386 1118 saltem
405 1054 473 1118 ville
485 1055 568 1119 dives
581 1056 733 1135 Aquensis
749 1059 849 1122 hebet.

150 1159 234 1221 luter
248 1177 299 1222 eos
313 1177 420 1222 rursus
431 1159 488 1222 luit
504 1168 535 1223 et
551 1160 703 1225 conclusio
717 1161 813 1241 lacta,

190 1267 232 1330 Et
246 1267 306 1330 llos
317 1283 379 1346 per
397 1271 515 1346 postam
533 1265 722 1330 certificando
739 1265 816 1345 cito3

150 1371 251 1450 Supra
265 1368 382 1433 Barneti
391 1359 578 1450 'montegnis
595 1375 686 1450 etque
699 1371 847 1452 Thoasse,

194 1476 302 1538 Posset
315 1473 357 1536 ibi
374 1489 514 1554 eampum
527 1489 638 1554 ponere
651 1473 761 1536 Franse
776 1492 877 1538 suum.

152 1577 239 1651 Quod
258 1577 332 1639 dum
346 1593 400 1657 per
413 1579 519 1640 lettres
530 1575 719 1641 intellexistis
737 1579 775 1642 ab
787 1577 867 1659 illis,

191 1680 349 1744 Pensando
361 1679 404 1744 sic
422 1679 465 1743 sio
479 1679 578 1743 omnia
595 1697 662 1744 vere
676 1680 794 1759 lolent,

153 1787 261 1849 Pnesto
273 1784 428 1866 peonenios
445 1785 609 1849 mandastis
623 1783 706 1848 mille
717 1787 869 1866 ualentes,

193 1887 374 1953 Bonneniem
385 1895 507 1970 portant
516 1905 588 1952 cnm
602 1887 748 1952 brevitate
760 1889 837 1953 boni
849 1939 858 1971 ,

150 1993 211 2069 Qui
225 1993 343 2057 lodiunl
354 2000 460 2072 terres,
480 2009 600 2071 grossos
610 1991 744 2056 iaciendo
757 1997 888 2075 velatos,

166 2177 167 2181 Ἰ
192 2097 319 2160 Fontum
334 2093 504 2158 bombardis
515 2095 696 2159 conficiendo
709 2098 833 2160 bonum.

150 2197 291 2278 Vinaque
305 2215 375 2261 cum
388 2195 479 2262 bursi
491 2199 605 2261 iaciunt
623 2205 742 2262 cantare
752 2201 781 2262 la
792 2208 920 2283 testem,

192 2303 335 2380 lvrognas
353 2319 472 2380 grossos
490 2301 576 2380 gaina
590 2309 711 2365 taleme
723 2302 802 2366 lacit.

151 2405 317 2486 Ramparos
330 2408 433 2486 plures
444 2404 607 2483 benlontes,
629 2411 660 2468 el
677 2405 858 2469 benohnrdos

193 2512 302 2575 Fecere
317 2507 461 2594 ayssadis,
478 2525 516 2571 en
530 2507 679 2590 loygendo
691 2509 812 2586 solum,

148 2619 228 2692 Quae
239 2620 322 2678 tenet
335 2612 373 2676 ad
384 2619 493 2675 testam
511 2611 653 2673 Bannetus
670 2607 906 2691 monticulosus,

193 2705 274 2782 Etsi
292 2735 353 2780 nou
368 2717 517 2792 temnent,
536 2721 607 2777 sunt
626 2711 752 2776 valitura
769 2710 833 2774 diu.

154 2819 261 2884 Cridda
276 2818 334 2881 luit
349 2825 417 2900 post
434 2819 492 2882 hoc
510 2835 562 2898 per
580 2815 681 2880 uillam
699 2815 780 2894 regia
797 2816 894 2896 lecta,

195 2921 281 2996 Quod
296 2923 424 3002 populus
442 2922 551 2984 hanut-
563 2919 691 2999 quisque
705 2927 808 2983 tenere
825 2919 941 3000 pedem.
1045 2904 1050 2916 ’

153 3028 219 3092 Sub
232 3023 351 3104 magnis
369 3023 467 3106 poenis
486 3022 618 3086 multum
638 3029 786 3103 trumpeta
801 3021 935 3104 sonavit,

195 3131 283 3195 Ullus
298 3147 357 3192 non
376 3127 463 3190 vadat
478 3143 511 3190 se
524 3124 648 3188 retinere
658 3126 748 3188 lones.

152 3236 267 3300 Consul
288 3235 429 3315 pontallos
443 3249 547 3296 omnes
566 3230 707 3308 gardabat
724 3229 906 3314 nonense,

195 3339 236 3403 Ut
248 3337 326 3400 bona
345 3343 419 3400 tunc
434 3341 534 3416 posset
553 3349 641 3397 nemo
660 3330 767 3396 salnine
784 3333 883 3398 lonas:
