<?xml version="1.0" encoding="UTF-8"?>
<!DOCTYPE html PUBLIC "-//W3C//DTD XHTML 1.0 Transitional//EN"
    "http://www.w3.org/TR/xhtml1/DTD/xhtml1-transitional.dtd">
<html xmlns="http://www.w3.org/1999/xhtml" xml:lang="en" lang="en">
 <head>
  <title>
</title>
<meta http-equiv="Content-Type" content="text/html;charset=utf-8" />
  <meta name='ocr-system' content='tesseract 3.04.00' />
  <meta name='ocr-capabilities' content='ocr_page ocr_carea ocr_par ocr_line ocrx_word'/>
</head>
<body>
  <div class='ocr_page' id='page_1' title='image "./meygraentrepriz01bonagoog_0087.png"; bbox 0 0 2538 4224; ppageno 0'>
   <div class='ocr_carea' id='block_1_1' title="bbox 229 429 814 506">
    <p class='ocr_par' dir='ltr' id='par_1_1' title="bbox 229 429 814 506">
     <span class='ocr_line' id='line_1_1' title="bbox 229 429 814 506; baseline 0.012 -19"><span class='ocrx_word' id='word_1_1' title='bbox 229 429 267 488; x_wconf 83' lang='lat' dir='ltr'><strong>bo</strong></span> <span class='ocrx_word' id='word_1_2' title='bbox 482 448 613 506; x_wconf 75' lang='lat' dir='ltr'><strong>¹sarrana</strong></span> <span class='ocrx_word' id='word_1_3' title='bbox 635 447 814 494; x_wconf 79' lang='lat' dir='ltr'><strong>anmrrnrsr</strong></span> 
     </span>
    </p>
   </div>
   <div class='ocr_carea' id='block_1_2' title="bbox 222 557 1078 3448">
    <p class='ocr_par' dir='ltr' id='par_1_2' title="bbox 222 557 1078 3448">
     <span class='ocr_line' id='line_1_2' title="bbox 228 557 937 643; baseline 0.006 -23"><span class='ocrx_word' id='word_1_4' title='bbox 228 557 271 622; x_wconf 84' lang='lat' dir='ltr'><strong>be</strong></span> <span class='ocrx_word' id='word_1_5' title='bbox 284 557 444 623; x_wconf 90' lang='lat' dir='ltr'><strong>limassono</strong></span> <span class='ocrx_word' id='word_1_6' title='bbox 458 577 516 626; x_wconf 91' lang='lat' dir='ltr'><strong>non</strong></span> <span class='ocrx_word' id='word_1_7' title='bbox 531 568 616 624; x_wconf 88' lang='lat' dir='ltr'><strong>curat</strong></span> <span class='ocrx_word' id='word_1_8' title='bbox 628 562 773 643; x_wconf 81' lang='lat' dir='ltr'><strong>prendere</strong></span> <span class='ocrx_word' id='word_1_9' title='bbox 787 562 915 626; x_wconf 78' lang='lat' dir='ltr'><strong>formam</strong></span> <span class='ocrx_word' id='word_1_10' title='bbox 929 585 937 624; x_wconf 78' lang='grc' dir='ltr'><strong><em>ε</em></strong></span> 
     </span>
     <span class='ocr_line' id='line_1_3' title="bbox 268 663 936 746; baseline 0.001 -19"><span class='ocrx_word' id='word_1_11' title='bbox 268 663 401 729; x_wconf 88' lang='lat' dir='ltr'><strong>llrriscat</strong></span> <span class='ocrx_word' id='word_1_12' title='bbox 413 667 547 746; x_wconf 78' lang='lat' dir='ltr'>gambas,</span> <span class='ocrx_word' id='word_1_13' title='bbox 563 675 672 744; x_wconf 89' lang='lat' dir='ltr'><strong>corpus</strong></span> <span class='ocrx_word' id='word_1_14' title='bbox 686 672 716 729; x_wconf 87' lang='lat' dir='ltr'><strong>et</strong></span> <span class='ocrx_word' id='word_1_15' title='bbox 726 681 815 730; x_wconf 90' lang='lat' dir='ltr'><strong>omne</strong></span> <span class='ocrx_word' id='word_1_16' title='bbox 835 683 936 730; x_wconf 89' lang='lat' dir='ltr'><strong>suum.</strong></span> 
     </span>
     <span class='ocr_line' id='line_1_4' title="bbox 227 770 969 851; baseline 0 -17"><span class='ocrx_word' id='word_1_17' title='bbox 227 771 328 850; x_wconf 80' lang='lat' dir='ltr'><strong>Atque</strong></span> <span class='ocrx_word' id='word_1_18' title='bbox 339 770 424 834; x_wconf 89' lang='lat' dir='ltr'><strong>bonis</strong></span> <span class='ocrx_word' id='word_1_19' title='bbox 437 770 548 834; x_wconf 83' lang='lat' dir='ltr'>frondis</span> <span class='ocrx_word' id='word_1_20' title='bbox 562 771 719 835; x_wconf 90' lang='lat' dir='ltr'><strong>cordarum</strong></span> <span class='ocrx_word' id='word_1_21' title='bbox 730 789 801 834; x_wconf 83' lang='lat' dir='ltr'><strong>sara</strong></span> <span class='ocrx_word' id='word_1_22' title='bbox 815 771 969 851; x_wconf 80' lang='lat' dir='ltr'><strong>girabant;</strong></span> 
     </span>
     <span class='ocr_line' id='line_1_5' title="bbox 267 873 967 956; baseline 0.003 -22"><span class='ocrx_word' id='word_1_23' title='bbox 267 875 397 938; x_wconf 87' lang='lat' dir='ltr'><strong>Vidisses</strong></span> <span class='ocrx_word' id='word_1_24' title='bbox 412 882 510 956; x_wconf 89' lang='lat' dir='ltr'><strong>petras</strong></span> <span class='ocrx_word' id='word_1_25' title='bbox 520 881 611 954; x_wconf 93' lang='lat' dir='ltr'><strong>atque</strong></span> <span class='ocrx_word' id='word_1_26' title='bbox 625 873 716 937; x_wconf 83' lang='lat' dir='ltr'><strong>lirare</strong></span> <span class='ocrx_word' id='word_1_27' title='bbox 729 890 852 936; x_wconf 79' lang='lat' dir='ltr'><strong>manue.</strong></span> <span class='ocrx_word' id='word_1_28' title='bbox 965 899 967 904; x_wconf 52' lang='lat'><strong><em>¹</em></strong></span> 
     </span>
     <span class='ocr_line' id='line_1_6' title="bbox 226 977 946 1062; baseline 0.003 -22"><span class='ocrx_word' id='word_1_29' title='bbox 226 978 371 1058; x_wconf 84' lang='lat' dir='ltr'><strong>Espasam</strong></span> <span class='ocrx_word' id='word_1_30' title='bbox 389 979 473 1042; x_wconf 81' lang='lat' dir='ltr'><strong>valde</strong></span> <span class='ocrx_word' id='word_1_31' title='bbox 496 980 666 1062; x_wconf 87' lang='lat' dir='ltr'><strong>roylbosam</strong></span> <span class='ocrx_word' id='word_1_32' title='bbox 678 977 807 1058; x_wconf 88' lang='lat' dir='ltr'><strong>quisque</strong></span> <span class='ocrx_word' id='word_1_33' title='bbox 821 979 946 1056; x_wconf 83' lang='lat' dir='ltr'><strong>terebat,</strong></span> 
     </span>
     <span class='ocr_line' id='line_1_7' title="bbox 266 1079 987 1162; baseline 0.004 -20"><span class='ocrx_word' id='word_1_34' title='bbox 266 1079 339 1153; x_wconf 85' lang='lat' dir='ltr'><strong>Quae</strong></span> <span class='ocrx_word' id='word_1_35' title='bbox 353 1098 508 1160; x_wconf 90' lang='lat' dir='ltr'><strong>nunquam</strong></span> <span class='ocrx_word' id='word_1_36' title='bbox 523 1083 616 1145; x_wconf 90' lang='lat' dir='ltr'><strong>solem</strong></span> <span class='ocrx_word' id='word_1_37' title='bbox 632 1081 743 1145; x_wconf 73' lang='lat' dir='ltr'><strong>uiderat</strong></span> <span class='ocrx_word' id='word_1_38' title='bbox 766 1099 863 1162; x_wconf 91' lang='lat' dir='ltr'><strong>usque</strong></span> <span class='ocrx_word' id='word_1_39' title='bbox 887 1083 987 1147; x_wconf 90' lang='lat' dir='ltr'><strong>modo.</strong></span> 
     </span>
     <span class='ocr_line' id='line_1_8' title="bbox 227 1185 955 1266; baseline 0.005 -20"><span class='ocrx_word' id='word_1_40' title='bbox 227 1185 438 1248; x_wconf 77' lang='lat' dir='ltr'><strong>Arcabutando</strong></span> <span class='ocrx_word' id='word_1_41' title='bbox 450 1186 526 1249; x_wconf 87' lang='lat' dir='ltr'><strong>bene</strong></span> <span class='ocrx_word' id='word_1_42' title='bbox 537 1185 682 1249; x_wconf 83' lang='lat' dir='ltr'><strong>iaciebant</strong></span> <span class='ocrx_word' id='word_1_43' title='bbox 698 1203 777 1266; x_wconf 73' lang='lat' dir='ltr'><strong>saepe</strong></span> <span class='ocrx_word' id='word_1_44' title='bbox 787 1187 955 1265; x_wconf 89' lang='lat' dir='ltr'><strong>bngadam;</strong></span> 
     </span>
     <span class='ocr_line' id='line_1_9' title="bbox 264 1287 869 1368; baseline 0.002 -17"><span class='ocrx_word' id='word_1_45' title='bbox 264 1287 385 1351; x_wconf 84' lang='lat' dir='ltr'><strong>Rustica</strong></span> <span class='ocrx_word' id='word_1_46' title='bbox 399 1287 556 1368; x_wconf 89' lang='lat' dir='ltr'><strong>progenies</strong></span> <span class='ocrx_word' id='word_1_47' title='bbox 570 1305 651 1351; x_wconf 93' lang='lat' dir='ltr'><strong>arma</strong></span> <span class='ocrx_word' id='word_1_48' title='bbox 666 1290 767 1368; x_wconf 78' lang='lat' dir='ltr'><strong>fogere</strong></span> <span class='ocrx_word' id='word_1_49' title='bbox 779 1289 869 1353; x_wconf 83' lang='lat' dir='ltr'><strong>lacit:</strong></span> 
     </span>
     <span class='ocr_line' id='line_1_10' title="bbox 222 1391 1078 1475; baseline 0.008 -22"><span class='ocrx_word' id='word_1_50' title='bbox 222 1391 374 1471; x_wconf 75' lang='lat' dir='ltr'><strong>Armaque</strong></span> <span class='ocrx_word' id='word_1_51' title='bbox 384 1392 1078 1475; x_wconf 75' lang='lat' dir='ltr'><strong>cumdesunt,pognia,pedibusquebisognan13</strong></span> 
     </span>
     <span class='ocr_line' id='line_1_11' title="bbox 263 1494 901 1578; baseline 0.003 -20"><span class='ocrx_word' id='word_1_52' title='bbox 263 1495 302 1558; x_wconf 91' lang='lat' dir='ltr'><strong>Se</strong></span> <span class='ocrx_word' id='word_1_53' title='bbox 313 1494 525 1576; x_wconf 89' lang='lat' dir='ltr'><strong>charpinando,</strong></span> <span class='ocrx_word' id='word_1_54' title='bbox 541 1514 619 1576; x_wconf 87' lang='lat' dir='ltr'><strong>saepe</strong></span> <span class='ocrx_word' id='word_1_55' title='bbox 634 1495 806 1578; x_wconf 88' lang='lat' dir='ltr'><strong>triumphus</strong></span> <span class='ocrx_word' id='word_1_56' title='bbox 825 1509 901 1562; x_wconf 86' lang='lat' dir='ltr'><strong>orat.</strong></span> 
     </span>
     <span class='ocr_line' id='line_1_12' title="bbox 223 1599 878 1682; baseline 0.003 -20"><span class='ocrx_word' id='word_1_57' title='bbox 223 1600 458 1663; x_wconf 88' lang='lat' dir='ltr'><strong>Salarnellabant</strong></span> <span class='ocrx_word' id='word_1_58' title='bbox 472 1617 524 1680; x_wconf 86' lang='lat' dir='ltr'><strong>par</strong></span> <span class='ocrx_word' id='word_1_59' title='bbox 534 1607 654 1678; x_wconf 85' lang='lat' dir='ltr'><strong>testam,</strong></span> <span class='ocrx_word' id='word_1_60' title='bbox 670 1600 732 1663; x_wconf 85' lang='lat' dir='ltr'><strong>sire</strong></span> <span class='ocrx_word' id='word_1_61' title='bbox 744 1599 878 1682; x_wconf 86' lang='lat' dir='ltr'><strong>capillos,</strong></span> 
     </span>
     <span class='ocr_line' id='line_1_13' title="bbox 264 1686 920 1783; baseline 0 -16"><span class='ocrx_word' id='word_1_62' title='bbox 264 1705 303 1767; x_wconf 85' lang='lat' dir='ltr'><strong>m</strong></span> <span class='ocrx_word' id='word_1_63' title='bbox 315 1705 538 1768; x_wconf 90' lang='lat' dir='ltr'><strong>soto-barbatas</strong></span> <span class='ocrx_word' id='word_1_64' title='bbox 552 1705 628 1767; x_wconf 82' lang='lat' dir='ltr'><strong>torte</strong></span> <span class='ocrx_word' id='word_1_65' title='bbox 642 1686 784 1783; x_wconf 81' lang='lat' dir='ltr'><strong>lrepando</strong></span> <span class='ocrx_word' id='word_1_66' title='bbox 798 1704 920 1768; x_wconf 89' lang='lat' dir='ltr'><strong>dabant.</strong></span> 
     </span>
     <span class='ocr_line' id='line_1_14' title="bbox 225 1803 895 1888; baseline -0.001 -19"><span class='ocrx_word' id='word_1_67' title='bbox 225 1803 328 1870; x_wconf 86' lang='lat' dir='ltr'><strong>Dicere</strong></span> <span class='ocrx_word' id='word_1_68' title='bbox 343 1809 482 1872; x_wconf 83' lang='lat' dir='ltr'><strong>nolebant</strong></span> <span class='ocrx_word' id='word_1_69' title='bbox 496 1807 649 1888; x_wconf 87' lang='lat' dir='ltr'><strong>Spagnoli,</strong></span> <span class='ocrx_word' id='word_1_70' title='bbox 659 1805 783 1870; x_wconf 81' lang='lat' dir='ltr'><strong>Francia</strong></span> <span class='ocrx_word' id='word_1_71' title='bbox 800 1805 895 1885; x_wconf 76' lang='lat' dir='ltr'><strong>rirat3</strong></span> 
     </span>
     <span class='ocr_line' id='line_1_15' title="bbox 264 1903 861 1993; baseline -0.002 -21"><span class='ocrx_word' id='word_1_72' title='bbox 264 1909 321 1972; x_wconf 91' lang='lat' dir='ltr'><strong>Sed</strong></span> <span class='ocrx_word' id='word_1_73' title='bbox 333 1910 410 1974; x_wconf 85' lang='lat' dir='ltr'><strong>bene</strong></span> <span class='ocrx_word' id='word_1_74' title='bbox 424 1928 573 1993; x_wconf 83' lang='lat' dir='ltr'><strong>paysanus</strong></span> <span class='ocrx_word' id='word_1_75' title='bbox 587 1909 683 1975; x_wconf 90' lang='lat' dir='ltr'><strong>dicere</strong></span> <span class='ocrx_word' id='word_1_76' title='bbox 698 1909 766 1974; x_wconf 84' lang='lat' dir='ltr'><strong>lecit</strong></span> <span class='ocrx_word' id='word_1_77' title='bbox 780 1909 834 1972; x_wconf 88' lang='lat' dir='ltr'><strong>eis.</strong></span> <span class='ocrx_word' id='word_1_78' title='bbox 859 1903 861 1910; x_wconf 77' lang='grc'>’</span> 
     </span>
     <span class='ocr_line' id='line_1_16' title="bbox 224 2013 1003 2094; baseline 0.005 -20"><span class='ocrx_word' id='word_1_79' title='bbox 224 2014 295 2076; x_wconf 85' lang='lat' dir='ltr'><strong>Fort</strong></span> <span class='ocrx_word' id='word_1_80' title='bbox 305 2031 336 2078; x_wconf 87' lang='lat' dir='ltr'><strong>se</strong></span> <span class='ocrx_word' id='word_1_81' title='bbox 346 2013 538 2094; x_wconf 87' lang='lat' dir='ltr'><strong>arriscabant,</strong></span> <span class='ocrx_word' id='word_1_82' title='bbox 554 2015 681 2078; x_wconf 87' lang='lat' dir='ltr'><strong>nolendo</strong></span> <span class='ocrx_word' id='word_1_83' title='bbox 694 2030 836 2091; x_wconf 88' lang='lat' dir='ltr'><strong>cregnere</strong></span> <span class='ocrx_word' id='word_1_84' title='bbox 849 2020 979 2092; x_wconf 74' lang='lat' dir='ltr'><strong>mortem</strong></span> <span class='ocrx_word' id='word_1_85' title='bbox 996 2037 1003 2077; x_wconf 92' lang='lat'>:</span> 
     </span>
     <span class='ocr_line' id='line_1_17' title="bbox 262 2118 1003 2199; baseline 0.001 -18"><span class='ocrx_word' id='word_1_86' title='bbox 262 2120 317 2181; x_wconf 87' lang='lat' dir='ltr'><strong>Est</strong></span> <span class='ocrx_word' id='word_1_87' title='bbox 328 2120 416 2182; x_wconf 88' lang='lat' dir='ltr'><strong>horno</strong></span> <span class='ocrx_word' id='word_1_88' title='bbox 430 2135 483 2199; x_wconf 94' lang='lat' dir='ltr'><strong>per</strong></span> <span class='ocrx_word' id='word_1_89' title='bbox 504 2136 638 2198; x_wconf 81' lang='lat' dir='ltr'><strong>guerras,</strong></span> <span class='ocrx_word' id='word_1_90' title='bbox 652 2120 766 2198; x_wconf 86' lang='lat' dir='ltr'><strong>absque</strong></span> <span class='ocrx_word' id='word_1_91' title='bbox 776 2118 882 2182; x_wconf 88' lang='lat' dir='ltr'><strong>timore</strong></span> <span class='ocrx_word' id='word_1_92' title='bbox 892 2121 1003 2182; x_wconf 87' lang='lat' dir='ltr'><strong>bonus.</strong></span> 
     </span>
     <span class='ocr_line' id='line_1_18' title="bbox 224 2201 858 2301; baseline -0.002 -17"><span class='ocrx_word' id='word_1_93' title='bbox 224 2201 450 2284; x_wconf 78' lang='lat' dir='ltr'><strong>Arenturabanl</strong></span> <span class='ocrx_word' id='word_1_94' title='bbox 464 2238 604 2301; x_wconf 85' lang='lat' dir='ltr'><strong>personas</strong></span> <span class='ocrx_word' id='word_1_95' title='bbox 619 2239 705 2284; x_wconf 90' lang='lat' dir='ltr'><strong>sensa</strong></span> <span class='ocrx_word' id='word_1_96' title='bbox 717 2221 858 2301; x_wconf 70' lang='lat' dir='ltr'><strong>calamis,</strong></span> 
     </span>
     <span class='ocr_line' id='line_1_19' title="bbox 263 2323 980 2406; baseline -0.001 -19"><span class='ocrx_word' id='word_1_97' title='bbox 263 2326 306 2388; x_wconf 83' lang='lat' dir='ltr'><strong>lle</strong></span> <span class='ocrx_word' id='word_1_98' title='bbox 319 2323 446 2406; x_wconf 90' lang='lat' dir='ltr'><strong>propriis</strong></span> <span class='ocrx_word' id='word_1_99' title='bbox 460 2324 578 2404; x_wconf 84' lang='lat' dir='ltr'><strong>gambis</strong></span> <span class='ocrx_word' id='word_1_100' title='bbox 599 2342 720 2390; x_wconf 89' lang='lat' dir='ltr'><strong>currere</strong></span> <span class='ocrx_word' id='word_1_101' title='bbox 734 2341 843 2405; x_wconf 87' lang='lat' dir='ltr'><strong>nempe</strong></span> <span class='ocrx_word' id='word_1_102' title='bbox 863 2326 980 2388; x_wconf 87' lang='lat' dir='ltr'><strong>volunt.</strong></span> 
     </span>
     <span class='ocr_line' id='line_1_20' title="bbox 223 2427 899 2508; baseline 0.001 -18"><span class='ocrx_word' id='word_1_103' title='bbox 223 2427 305 2492; x_wconf 81' lang='lat' dir='ltr'><strong>Fecit</strong></span> <span class='ocrx_word' id='word_1_104' title='bbox 317 2429 472 2492; x_wconf 90' lang='lat' dir='ltr'><strong>scadrones</strong></span> <span class='ocrx_word' id='word_1_105' title='bbox 492 2428 644 2493; x_wconf 75' lang='lat' dir='ltr'><strong>Provincia</strong></span> <span class='ocrx_word' id='word_1_106' title='bbox 659 2427 741 2491; x_wconf 91' lang='lat' dir='ltr'><strong>mille</strong></span> <span class='ocrx_word' id='word_1_107' title='bbox 755 2431 899 2508; x_wconf 72' lang='lat' dir='ltr'><strong>valentes,</strong></span> 
     </span>
     <span class='ocr_line' id='line_1_21' title="bbox 263 2532 878 2613; baseline -0.007 -15"><span class='ocrx_word' id='word_1_108' title='bbox 263 2535 302 2598; x_wconf 82' lang='lat' dir='ltr'><strong>lit</strong></span> <span class='ocrx_word' id='word_1_109' title='bbox 318 2532 527 2608; x_wconf 87' lang='lat' dir='ltr'><strong>circum-circa</strong></span> <span class='ocrx_word' id='word_1_110' title='bbox 542 2549 665 2613; x_wconf 89' lang='lat' dir='ltr'><strong>campus</strong></span> <span class='ocrx_word' id='word_1_111' title='bbox 678 2534 807 2596; x_wconf 88' lang='lat' dir='ltr'><strong>habebat</strong></span> <span class='ocrx_word' id='word_1_112' title='bbox 817 2549 878 2596; x_wconf 87' lang='lat' dir='ltr'><strong>eos.</strong></span> 
     </span>
     <span class='ocr_line' id='line_1_22' title="bbox 225 2639 1021 2728; baseline -0.001 -27"><span class='ocrx_word' id='word_1_113' title='bbox 225 2639 283 2703; x_wconf 88' lang='lat' dir='ltr'><strong>Per</strong></span> <span class='ocrx_word' id='word_1_114' title='bbox 306 2639 433 2728; x_wconf 89' lang='lat' dir='ltr'><strong>grandes</strong></span> <span class='ocrx_word' id='word_1_115' title='bbox 445 2647 567 2719; x_wconf 91' lang='lat' dir='ltr'><strong>troppas</strong></span> <span class='ocrx_word' id='word_1_116' title='bbox 582 2655 614 2700; x_wconf 88' lang='lat' dir='ltr'><strong>se</strong></span> <span class='ocrx_word' id='word_1_117' title='bbox 626 2639 1021 2718; x_wconf 86' lang='lat' dir='ltr'><strong>accompagnaresolebant;</strong></span> 
     </span>
     <span class='ocr_line' id='line_1_23' title="bbox 265 2739 985 2822; baseline -0.004 -17"><span class='ocrx_word' id='word_1_118' title='bbox 265 2742 455 2806; x_wconf 81' lang='lat' dir='ltr'><strong>sexcentum</strong></span> <span class='ocrx_word' id='word_1_119' title='bbox 475 2740 619 2822; x_wconf 84' lang='lat' dir='ltr'><strong>peditum,</strong></span> <span class='ocrx_word' id='word_1_120' title='bbox 631 2739 772 2819; x_wconf 86' lang='lat' dir='ltr'><strong>milleque</strong></span> <span class='ocrx_word' id='word_1_121' title='bbox 785 2747 891 2821; x_wconf 83' lang='lat' dir='ltr'><strong>troppa</strong></span> <span class='ocrx_word' id='word_1_122' title='bbox 910 2739 985 2818; x_wconf 83' lang='lat' dir='ltr'><strong>luit3</strong></span> 
     </span>
     <span class='ocr_line' id='line_1_24' title="bbox 226 2843 1078 2932; baseline 0.002 -26"><span class='ocrx_word' id='word_1_123' title='bbox 226 2843 263 2908; x_wconf 89' lang='lat' dir='ltr'><strong>Se</strong></span> <span class='ocrx_word' id='word_1_124' title='bbox 288 2846 364 2909; x_wconf 88' lang='lat' dir='ltr'><strong>bene</strong></span> <span class='ocrx_word' id='word_1_125' title='bbox 389 2846 639 2932; x_wconf 40' lang='lat' dir='ltr'><strong>serrrando,&#39;cum</strong></span> <span class='ocrx_word' id='word_1_126' title='bbox 654 2851 774 2926; x_wconf 87' lang='lat' dir='ltr'><strong>tempus</strong></span> <span class='ocrx_word' id='word_1_127' title='bbox 789 2845 932 2925; x_wconf 88' lang='lat' dir='ltr'><strong>postulat,</strong></span> <span class='ocrx_word' id='word_1_128' title='bbox 952 2851 1078 2925; x_wconf 86' lang='lat' dir='ltr'><strong>autres,</strong></span> 
     </span>
     <span class='ocr_line' id='line_1_25' title="bbox 266 2947 989 3028; baseline -0.007 -15"><span class='ocrx_word' id='word_1_129' title='bbox 266 2949 377 3013; x_wconf 86' lang='lat' dir='ltr'><strong>Omnes</strong></span> <span class='ocrx_word' id='word_1_130' title='bbox 392 2947 560 3028; x_wconf 88' lang='lat' dir='ltr'><strong>corraginm</strong></span> <span class='ocrx_word' id='word_1_131' title='bbox 581 2947 844 3028; x_wconf 84' lang='lat' dir='ltr'><strong>semperhabendo</strong></span> <span class='ocrx_word' id='word_1_132' title='bbox 864 2947 989 3009; x_wconf 90' lang='lat' dir='ltr'><strong>bonum.</strong></span> 
     </span>
     <span class='ocr_line' id='line_1_26' title="bbox 222 3052 1002 3133; baseline -0.003 -19"><span class='ocrx_word' id='word_1_133' title='bbox 222 3053 364 3116; x_wconf 78' lang='lat' dir='ltr'><strong>iurabant</strong></span> <span class='ocrx_word' id='word_1_134' title='bbox 382 3069 497 3131; x_wconf 72' lang='lat' dir='ltr'><strong>omnm,</strong></span> <span class='ocrx_word' id='word_1_135' title='bbox 522 3069 706 3133; x_wconf 89' lang='lat' dir='ltr'><strong>compagnon</strong></span> <span class='ocrx_word' id='word_1_136' title='bbox 720 3068 807 3114; x_wconf 91' lang='lat' dir='ltr'><strong>nemo</strong></span> <span class='ocrx_word' id='word_1_137' title='bbox 831 3052 1002 3130; x_wconf 87' lang='lat' dir='ltr'><strong>relinquet:</strong></span> 
     </span>
     <span class='ocr_line' id='line_1_27' title="bbox 265 3153 883 3223; baseline 0.006 -5"><span class='ocrx_word' id='word_1_138' title='bbox 265 3157 322 3219; x_wconf 89' lang='lat' dir='ltr'><strong>Per</strong></span> <span class='ocrx_word' id='word_1_139' title='bbox 336 3153 429 3218; x_wconf 91' lang='lat' dir='ltr'><strong>socios</strong></span> <span class='ocrx_word' id='word_1_140' title='bbox 442 3155 528 3219; x_wconf 89' lang='lat' dir='ltr'><strong>sociis</strong></span> <span class='ocrx_word' id='word_1_141' title='bbox 544 3165 590 3221; x_wconf 93' lang='lat' dir='ltr'><strong>est</strong></span> <span class='ocrx_word' id='word_1_142' title='bbox 600 3158 667 3221; x_wconf 89' lang='lat' dir='ltr'><strong>dala</strong></span> <span class='ocrx_word' id='word_1_143' title='bbox 682 3169 782 3222; x_wconf 83' lang='lat' dir='ltr'><strong>sancta</strong></span> <span class='ocrx_word' id='word_1_144' title='bbox 798 3161 883 3223; x_wconf 85' lang='lat' dir='ltr'><strong>noes.</strong></span> 
     </span>
     <span class='ocr_line' id='line_1_28' title="bbox 223 3261 988 3344; baseline 0.008 -22"><span class='ocrx_word' id='word_1_145' title='bbox 223 3261 308 3323; x_wconf 85' lang='lat' dir='ltr'><strong>lbant</strong></span> <span class='ocrx_word' id='word_1_146' title='bbox 326 3275 380 3339; x_wconf 89' lang='lat' dir='ltr'><strong>per</strong></span> <span class='ocrx_word' id='word_1_147' title='bbox 391 3267 520 3341; x_wconf 87' lang='lat' dir='ltr'><strong>montes,</strong></span> <span class='ocrx_word' id='word_1_148' title='bbox 536 3279 589 3342; x_wconf 92' lang='lat' dir='ltr'><strong>per</strong></span> <span class='ocrx_word' id='word_1_149' title='bbox 607 3262 723 3344; x_wconf 89' lang='lat' dir='ltr'><strong>boscos,</strong></span> <span class='ocrx_word' id='word_1_150' title='bbox 738 3261 800 3338; x_wconf 89' lang='lat' dir='ltr'><strong>sive</strong></span> <span class='ocrx_word' id='word_1_151' title='bbox 819 3266 928 3328; x_wconf 88' lang='lat' dir='ltr'><strong>coletos</strong></span> <span class='ocrx_word' id='word_1_152' title='bbox 957 3287 964 3327; x_wconf 92' lang='lat'>:</span> <span class='ocrx_word' id='word_1_153' title='bbox 985 3278 988 3284; x_wconf 86' lang='lat'>·</span> 
     </span>
     <span class='ocr_line' id='line_1_29' title="bbox 265 3363 836 3448; baseline 0.009 -24"><span class='ocrx_word' id='word_1_154' title='bbox 265 3363 429 3428; x_wconf 85' lang='lat' dir='ltr'><strong>Velhabant</strong></span> <span class='ocrx_word' id='word_1_155' title='bbox 444 3364 522 3428; x_wconf 91' lang='lat' dir='ltr'><strong>oculi</strong></span> <span class='ocrx_word' id='word_1_156' title='bbox 535 3374 620 3430; x_wconf 86' lang='lat' dir='ltr'><strong>nocte</strong></span> <span class='ocrx_word' id='word_1_157' title='bbox 636 3367 743 3448; x_wconf 91' lang='lat' dir='ltr'><strong>dieque</strong></span> <span class='ocrx_word' id='word_1_158' title='bbox 767 3367 813 3430; x_wconf 94' lang='lat' dir='ltr'><strong>sui</strong></span> <span class='ocrx_word' id='word_1_159' title='bbox 830 3390 836 3430; x_wconf 91' lang='lat'>:</span> 
     </span>
    </p>
   </div>
   <div class='ocr_carea' id='block_1_3' title="bbox 0 0 1278 4224">
    <p class='ocr_par' dir='ltr' id='par_1_3' title="bbox 0 0 1278 4224">
     <span class='ocr_line' id='line_1_30' title="bbox 0 0 1278 4224; baseline 0 0"><span class='ocrx_word' id='word_1_160' title='bbox 0 0 1278 4224; x_wconf 95' lang='lat' dir='ltr'><strong> </strong></span> 
     </span>
    </p>
   </div>
  </div>
 </body>
</html>
