2504 4240
384 461 537 514 cirenem
560 461 764 506 rnrnnnrnnrs.
949 445 986 502 23

123 567 178 630 Est
192 567 269 632 nihii
288 570 424 634 interris
439 579 587 635 secretum
602 622 609 652 ,
625 579 687 634 tam
699 588 819 653 quoqne
831 579 942 638 tectum
958 626 964 654 ‚
1039 643 1049 660 ‚

162 673 259 736 Nocte
277 672 354 737 licet
369 675 493 755 tactum,
509 675 581 755 quin
604 677 676 740 sciat
690 696 770 740 unus
784 679 884 742 hemo,

122 778 180 840 Pro
195 785 281 842 certe
300 779 449 844 Fransam
468 789 562 845 totam
575 779 690 861 piihnre
704 783 851 862 cudebat,

162 881 269 962 Atque
283 883 301 946 'a
315 901 371 947 son
386 885 502 948 anisum
515 886 637 964 iamque
654 889 774 950 tenebat
788 904 864 952 cam.

122 987 208 1052 illam
223 989 370 1070 cepisset,
392 991 417 1053 si
431 992 513 1052 nulla
526 993 645 1072 repulse
658 989 783 1068 fuisset;

161 1093 466 1174 Empnchementum
481 1095 532 1158 sed
551 1094 693 1158 recurarit
713 1112 805 1160 eum:

121 1191 197 1258 Nam
210 1198 291 1262 hene
303 1200 367 1262 Vos
381 1199 459 1262 terro
474 1214 591 1278 semper
602 1197 759 1262 defenditis
772 1197 854 1262 illem

161 1297 276 1364 Contra
291 1308 495 1385 meyssantos,
517 1301 637 1380 qnando
650 1319 757 1366 nocere
768 1305 883 1366 volunt.

123 1399 300 1480 Argentum
315 1411 462 1470 vestrum.
484 1411 622 1469 nostrum
639 1405 819 1486 desperditis
837 1423 925 1470 omne

161 1505 221 1570 Pro
233 1510 385 1573 servando
398 1507 493 1584 illem,
515 1508 635 1587 qnando
649 1525 769 1572 necesse
782 1507 874 1572 venit.

123 1599 208 1672 Miles
222 1611 389 1676 demandet
402 1611 536 1692 precium
549 1612 670 1676 bursele
682 1613 820 1674 laborans
833 1659 840 1690 ‚

162 1711 204 1775 Et
218 1714 286 1779 sine
303 1714 430 1780 denariis
450 1715 492 1778 nit
505 1717 593 1780 modo
611 1731 718 1794 guerra
733 1716 821 1778 valet.

124 1809 284 1883 Mortalem
301 1818 395 1882 voluit
408 1817 500 1882 Vobis
518 1819 627 1882 detinre
639 1819 811 1894 haiatham,

162 1915 203 1981 m
222 1937 296 2000 qnae
310 1919 495 2002 permultim
516 1919 742 2000 sanguinolenta
757 1921 843 1986 toret.

124 2015 196 2086 Post
210 2025 381 2092 s’eiorsnvit
394 2031 492 2089 totum
506 2024 660 2089 devincere
674 2041 801 2104 regnum
819 2049 825 2087 :

163 2126 221 2190 Per
240 2147 338 2206 mare,
358 2147 411 2210 per
425 2136 536 2194 terrem
556 2129 686 2193 maxima
701 2131 779 2194 bella
798 2130 879 2194 tulit.

122 2229 235 2297 Contra
250 2237 434 2298 Prorensnm
448 2233 544 2314 prime
557 2235 693 2298 l'armnta
707 2234 827 2315 tinniit,

164 2335 223 2400 Pro
236 2339 317 2403 bene
335 2345 465 2416 venguta
479 2337 607 2418 quisque
627 2341 737 2402 salutet
751 2355 821 2402 enm
835 2361 841 2400 :

126 2429 185 2501 Vos
203 2441 284 2506 male
298 2440 438 2505 veneritis
456 2443 578 2520 tannes,
599 2442 740 2506 sercendo
752 2442 924 2506 betelham:

164 2543 356 2628 Tempestem
370 2553 486 2626 portas,
505 2546 632 2611 tutmina
646 2565 748 2626 grossa
762 2547 878 2610 cadent.

127 2641 309 2729 Argentum,
325 2655 430 2727 gentes
443 2647 588 2730 layssnbis
606 2672 611 2710 :
630 2655 761 2728 tempora
776 2645 881 2726 perdes
898 2668 904 2708 :

163 2749 230 2816 Non
245 2750 420 2832 proiecturis
439 2750 540 2815 littora
558 2753 654 2814 bobus
668 2767 745 2813 ares.

126 2849 237 2920 Omnes
250 2855 410 2937 mirantur,
424 2875 517 2936 quare
531 2858 599 2936 pius
613 2854 728 2918 venerit
745 2853 844 2918 isthuc
856 2874 864 2932 ;

165 2955 231 3022 Non
245 2967 346 3040 posset
360 2959 487 3040 patriam
503 2961 571 3038 jure
588 2965 692 3022 tenere
710 2957 777 3021 sibi.
861 2943 863 2954 '

125 3055 180 3123 Per
193 3070 410 3128 testamentum
424 3061 576 3126 Provincia
597 3061 726 3144 pertinet
740 3062 776 3124 ad
795 3061 855 3126 Vos
869 3111 877 3144 ‚

164 3164 203 3230 m
218 3165 293 3230 nihil
305 3168 341 3230 ad
353 3167 497 3229 Fransnm
510 3164 622 3245 justius
640 3182 706 3228 esse
719 3172 828 3245 potest.

126 3261 164 3328 Et
177 3272 207 3334 lo
220 3269 395 3336 Piemontns
410 3276 492 3334 totus
506 3269 652 3350 dependet
666 3271 703 3332 ab
720 3269 783 3351 ipsi
796 3289 803 3349 ;

165 3371 239 3437 Vitta
258 3376 295 3438 de
309 3372 405 3454 Aquis
420 3373 519 3438 ieciti
538 3372 692 3437 Piemonte
703 3373 827 3438 dritnm.
