2538 4224
400 442 554 498 cnrourour
578 447 782 494 rurnnaronu.
978 437 1016 497 87

162 552 236 614 Plus
251 551 330 612 valet
344 552 482 614 auselurn
493 551 532 614 de
543 552 655 634 campis
670 553 785 634 frigiror
798 573 881 637 esse,

201 654 299 727 Quam
312 671 366 736 per
378 671 519 736 presones
537 657 726 740 playdegiare
741 659 841 724 nimis.

159 757 285 826 Francia
300 777 356 825 son
369 779 509 843 campum
525 779 643 844 semper
657 766 798 846 degente
815 770 959 849 relorsat3

200 865 259 928 Ast
273 881 329 944 ego
343 864 489 947 diminuo,
505 885 580 946 gens
597 885 664 932 mea
677 876 740 934 lota
754 871 832 951 rugit
846 895 852 934 :

159 966 198 1030 Se
215 968 346 1031 rendunt
360 985 465 1033 omnes
479 971 516 1034 ad
530 971 684 1053 Fransam,
704 979 802 1056 trayla
813 976 953 1056 oanalha,

199 1071 247 1134 Me
259 1075 393 1154 layasant
407 1072 563 1156 miserum,
579 1091 649 1140 surn
662 1076 747 1155 quasi
762 1081 842 1142 solus
853 1096 920 1158 eqo.

159 1171 314 1238 Gallorum
332 1175 442 1240 furiam
460 1175 550 1242 timeo
568 1181 637 1258 plns
655 1196 747 1258 quarn
760 1183 789 1246 lo
801 1181 933 1264 diablus,

200 1281 311 1344 Contra
324 1295 374 1346 me
390 1282 476 1346 valde
489 1283 648 1348 oomooiala
662 1293 773 1352 manet.

160 1385 215 1448 Est
232 1387 320 1450 modo
334 1385 510 1451 Franoisous
528 1388 592 1451 Rex
605 1396 863 1474 tres-poyssantus
877 1392 908 1456 in
920 1411 1011 1475 auro,

200 1492 288 1554 Hune
299 1493 384 1571 juvat
397 1498 428 1556 et
441 1493 582 1573 populus,
598 1509 668 1556 oum
682 1512 736 1558 sua
750 1496 840 1559 bursa
854 1497 950 1562 falhit.

160 1597 249 1661 Alter
262 1597 422 1678 Pompeius
434 1616 514 1662 nuno
528 1605 585 1677 ost,
598 1616 633 1662 ao
645 1601 721 1662 alter
734 1598 886 1678 Achilles,

200 1700 353 1765 Terribilis
367 1702 494 1780 sanson,
509 1701 640 1765 Annibal
651 1709 742 1780 alque
755 1703 856 1779 ferox3

158 1805 199 1866 ut
211 1803 237 1866 si
254 1805 432 1884 guerrando,
453 1823 507 1884 pro
526 1823 559 1868 se
570 1805 690 1869 victoria
705 1813 817 1882 restet,

199 1906 365 1987 Imperium
379 1907 486 1988 capiet,
507 1909 549 1972 sio
565 1908 623 1972 oilo
642 1909 732 1972 Cesar
743 1906 811 1971 erit.

158 2009 215 2073 Esl
229 2008 337 2073 melius
349 2012 445 2072 mullo
457 2027 505 2072 rue
517 2027 577 2072 non
591 2009 700 2072 donare
719 2010 889 2090 hatalham3

199 2111 234 2172 ln
250 2125 324 2187 gran
336 2108 477 2188 dangerio
491 2108 539 2172 hio
553 2125 618 2172 mea
633 2107 691 2172 vita
704 2110 789 2173 foret.

157 2213 244 2277 Unus
257 2213 348 2274 homo
365 2208 482 2290 sapiens
495 2226 556 2272 non
574 2207 798 2290 interprendere
811 2212 917 2292 debet,

85 2363 87 2368 .
198 2313 283 2386 Quod
297 2331 350 2376 sua
362 2329 523 2395 poyssansa
537 2329 597 2374 non
609 2312 731 2376 aeabnre
742 2319 850 2392 polest.

156 2417 246 2481 Nune
263 2417 351 2481 aliam
362 2415 450 2498 oupio
470 2417 613 2495 grandom
627 2423 745 2481 enotare
756 2419 926 2484 uravessam

199 2522 243 2585 De
255 2519 442 2584 Provensalis
454 2569 461 2601 ,
475 2526 565 2599 genle
580 2519 669 2582 fiablo
683 2517 748 2583 lini.

156 2625 389 2705 lmperelalorus
401 2621 495 2686 voluit
513 2636 704 2701 corrumpere
716 2623 835 2702 plures,

199 2725 322 2799 Quando
336 2730 399 2788 erat
413 2722 445 2786 in
457 2739 560 2804 payso,
576 2720 704 2800 plurima
717 2723 813 2788 dando
826 2723 914 2786 bona.

157 2829 339 2907 Argentum,
356 2829 525 2908 plumbum,
540 2825 654 2902 nagges
668 2827 778 2889 donare
793 2828 909 2890 volebat

198 2929 394 2996 Promittebal
408 2929 451 2994 eis
465 2929 563 2994 omlioa
578 2949 668 3010 regna
681 2927 754 3009 Dei,

157 3033 199 3097 Ut
217 3041 319 3096 eontra
338 3033 482 3096 Fransam
497 3051 577 3096 nuno
590 3039 691 3098 essent
709 3029 789 3110 espia
805 3037 945 3111 tantum,

198 3135 301 3216 Atque
315 3136 427 3200 veniret
439 3135 466 3201 ei
484 3139 614 3215 quelque
628 3136 742 3198 novella
757 3133 832 3196 bona
846 3155 852 3213 ;

157 3238 206 3302 Au
217 3255 357 3320 eampum
368 3239 488 3302 Fransae
501 3237 580 3301 irent
592 3236 744 3300 Avenione
755 3243 892 3318 posatum
905 3289 912 3318 ,

198 3343 340 3406 Blanoam
354 3341 390 3406 de
404 3343 515 3406 Fransa
530 3346 628 3422 presto
643 3339 769 3402 notando
786 3357 923 3419 orucem;
