2504 4240
525 384 707 430 GARSONETO.
1022 377 1041 436 7

187 494 247 558 sibi
261 493 392 574 subditi,
409 501 438 556 et
459 493 555 572 Reges
572 511 632 556 non
646 504 888 572 recognoscentes
903 500 1040 580 superio-

186 615 253 664 rem
266 599 327 663 sint
341 599 537 679 Imperatores
551 597 582 659 in
597 615 651 662 suo
663 613 767 678 regno,
783 615 843 662 non
858 607 958 666 tamen
970 621 1040 684 pos-

188 710 262 766 sunt
271 702 389 766 auterre
397 703 508 780 dejure
519 700 608 766 alicui
618 701 695 764 bona
708 719 761 765 sua
773 701 838 766 sine
848 704 935 768 causa
943 706 1035 785 justi.

185 809 263 872 Nam
286 808 354 873 licet
372 812 500 874 habeant
516 808 753 888 iurisdictionem
766 807 797 871 in
812 808 966 873 universos
980 810 1037 874 sibi

186 914 340 996 subditos,
362 933 423 978 non
447 921 547 979 tamen
570 915 682 978 babent
702 914 867 978 dominium
883 916 1037 982 directum

183 1034 291 1081 rerum
316 1015 539 1097 particularium
563 1016 765 1098 privatarum,
787 1035 856 1097 quae
871 1016 942 1082 olim
962 1036 1038 1082 con-

185 1139 279 1186 cessae
292 1122 416 1184 luerunt
429 1121 661 1204 occupantibus,
684 1125 792 1186 133111.
814 1123 974 1186 derorum
989 1123 1039 1186 di-

184 1224 324 1304 31313113,
345 1226 438 1304 poesi
454 1243 516 1305 per
539 1231 640 1286 totum
650 1244 661 1301 ;
680 1223 909 1288 Panormitanus
923 1224 954 1288 in
968 1242 1033 1305 cap.

184 1328 224 1388 Si
243 1327 413 1410 dilipeuti,
436 1345 527 1406 quem
546 1327 596 1390 alii
614 1335 783 1407 sequuntur
797 1335 827 1390 31
841 1327 1034 1408 133133333-

183 1429 278 1508 bant,
295 1428 332 1490 de
353 1429 668 1509 Preteriptionidus;
683 1428 736 1492 ubi
748 1427 858 1510 inquit,
873 1429 1035 1508 quodlicet

183 1533 313 1597 Comites
326 1541 356 1598 et
370 1533 488 1596 Domini
501 1536 679 1614 temporales
692 1534 821 1596 fundent
833 1531 1031 1600 intentionem

185 1654 272 1700 suam
286 1639 323 1702 de
337 1639 404 1717 iure
422 1636 585 1714 communi,
608 1637 704 1716 quoad
719 1654 765 1700 res
780 1635 851 1698 sitas
865 1635 943 1699 inira
956 1636 1034 1700 limi-

185 1747 231 1804 tes
250 1739 297 1804 sui
310 1740 469 1820 territorii,
491 1739 670 1819 intelligitur
685 1737 800 1818 saltim,
817 1738 930 1804 ratione
941 1737 1034 1818 juris-

178 1844 320 1909 dictionis
334 1844 494 1921 territorii,
516 1855 620 1909 elnon
639 1843 812 1908 directilatis
827 1868 833 1908 :
850 1864 906 1910 neo
921 1847 1034 1911 deben-

180 1953 234 2008 tur
247 1945 289 2010 eis
303 1945 442 2036 laudimia
456 1947 492 2010 de
510 1943 746 2026 possessionibus
760 1963 828 2025 quae
841 1948 1030 2030 venduntur,

182 2048 231 2109 rel
245 2047 330 2110 aliter
352 2047 520 2111 alienantur
540 2046 572 2110 in
596 2047 648 2110 sud
665 2046 889 2130 iurisdictione,
914 2048 972 2112 nisi
994 2050 1031 2112 de

182 2154 326 2218 servitute
348 2155 433 2218 aliter
447 2160 582 2231 constet;
607 2151 677 2216 caim
699 2153 865 2236 territoria,
881 2172 933 2218 seu
952 2162 1031 2222 terra

179 2267 267 2340 gesta
290 2267 422 2342 spectet,
447 2267 477 2324 et
498 2259 644 2340 pertineat
657 2259 694 2321 ad
711 2258 937 2323 universitatem
950 2260 1031 2324 illius

179 2365 239 2430 loci
254 2365 284 2428 in
302 2365 361 2445 qnd
376 2364 430 2428 3113
445 2371 502 2445 est,
518 2381 571 2445 per
592 2371 710 2427 textum
727 2363 759 2426 in
778 2364 812 2426 L.
829 2367 937 2428 omnis
954 2368 1032 2428 Pro-

180 2472 382 2548 vicciorum,
406 2467 448 2539 ibi
467 2469 632 2530 territorio
655 2468 783 2532 civium.
806 2469 878 2532 (lod.
902 2469 939 2531 do
953 2487 1029 2549 ope·

178 2573 272 2636 ribos
282 2573 433 2653 publicis.
458 2572 497 2634 tlt
514 2569 574 2634 late
595 2587 647 2650 per
660 2569 836 2632 Antibolum
855 2570 887 2632 in
901 2578 1029 2635 tractatu

179 2684 343 2740 munerum
356 2676 392 2738 ad
407 2677 498 2738 finem
512 2681 581 2736 ante
595 2680 656 2736 tres
670 2675 834 2735 columnas.
852 2672 891 2734 nt
906 2689 958 2752 per
972 2673 1031 2736 Do-

177 2777 298 2840 minum
311 2777 499 2856 Stephanum
510 2774 665 2838 bertrandi
683 2773 712 2836 in
728 2791 746 2834 v
760 2771 910 2836 volumine
924 2772 1027 2836 consil.

178 2897 308 2942 xxxvnr.
332 2879 371 2942 111
394 2896 447 2958 per
467 2885 679 2958 praeceptorem
693 2893 795 2940 meum
809 2875 970 2940 Dominum
993 2878 1029 2942 de

176 2980 274 3062 nipe,
299 2985 329 3044 et
352 2980 424 3044 alios
445 2980 476 3044 in
495 2981 530 3043 L.
546 2999 567 3042 1.
584 2981 616 3042 lt.
640 2980 678 3042 de
696 2980 888 3060 acquirendo
898 2998 1028 3061 porres-

175 3087 275 3150 ra'one.
301 3086 396 3165 igitur
410 3087 479 3166 plus
498 3083 588 3164 quam
612 3083 727 3146 licitum
746 3082 802 3146 luit
823 3090 925 3147 nostro
939 3084 1028 3148 Chri-

175 3188 358 3252 stianissimo
375 3189 449 3268 Regi
463 3188 605 3267 Francius,
626 3205 658 3250 ac
677 3186 780 3250 incolis
795 3187 1027 3253 provincialibus

175 3291 242 3374 (qni
257 3291 302 3354 sui
317 3291 423 3356 naturai
438 3300 509 3356 sunt
523 3290 696 3371 fidelissimi,
713 3290 886 3372 perspicacis
900 3291 1026 3370 ingenii,
