2504 4240
235 662 495 752 rumetum,
534 661 936 750 atrteurtsstttuouz

461 844 554 914 vmo,
576 843 712 898 oouruo

301 999 476 1104 uultu.
528 997 871 1123 euasurum,

153 1217 204 1286 IN
236 1203 479 1284 PROVINCIA
518 1210 622 1281 VICE
641 1255 657 1267 -
675 1212 1009 1309 CANCELLARIO,

358 1375 464 1455 dorioque
476 1373 581 1436 idrouto
593 1374 683 1436 &ndis
693 1375 806 1456 intrusis,

295 1585 335 1638 A.
358 1581 522 1646 AREM.
545 1583 571 1638 S
606 1585 646 1638 Ρ.
670 1583 865 1638 ΜΔΝΜΤ.

512 1779 643 1832 ξιξ

190 1980 279 2042 'futu
301 1978 333 2040 in
357 1993 406 2041 me
438 1977 622 2056 singularem
651 1979 914 2059 benevolentiam,
940 1979 1012 2042 Pro-

148 2083 332 2153 Caneellarie
353 2082 531 2162 magnifiee,
557 2101 747 2164 summopere
768 2083 964 2166 magnifacio,
981 2093 1011 2150 et

148 2185 369 2250 humanitatem
381 2203 451 2264 erga
467 2203 516 2250 me
529 2193 611 2249 tuam
626 2190 818 2251 uehementer
833 2191 1007 2268 amplector,

150 2309 188 2354 ex
205 2309 265 2371 quo
277 2293 448 2354 universam
462 2307 561 2354 meam
576 2291 630 2354 tibi
644 2309 763 2371 operam
778 2293 889 2356 detero.
914 2294 1008 2358 Multa
1053 2283 1054 2286 '

151 2394 278 2459 enimin
293 2393 535 2456 mehenemerita
553 2379 630 2457 ultro
645 2412 698 2474 per
721 2401 751 2457 te
765 2396 896 2475 protecta
916 2405 988 2458 sunt
1004 2473 1011 2500 ’

152 2519 223 2580 quae
237 2501 466 2576 nuilaunquam
481 2498 590 2562 delebit
610 2498 729 2562 oblitio.
757 2499 815 2562 Sed
838 2517 876 2562 no
897 2501 928 2563 in
948 2503 1011 2565 dios

153 2607 226 2669 vitio
244 2601 468 2682 ingratitudinis
480 2601 627 2682 inculpari
641 2619 771 2683 possem,
787 2603 898 2681 aliquid
907 2604 937 2666 in
951 2605 1014 2667 eni-

155 2724 248 2787 guam
259 2721 451 2785 compensam
463 2702 518 2766 tioi
532 2705 637 2768 otiorre
652 2703 899 2782 excogitas-eram.
918 2705 1012 2770 Vore-

155 2813 336 2882 hortamen,
359 2825 397 2870 ne
411 2824 470 2884 qua
484 2806 620 2870 fortassis
643 2807 679 2871 de
702 2823 751 2869 me
774 2804 911 2869 animum
925 2813 1012 2870 tuum

158 2913 273 2978 subiret
296 2909 472 2991 admiratio,
487 2926 595 2988 meque
619 2927 678 2973 non
698 2909 866 2974 insolentiae
883 2962 890 2992 ,
907 2913 1012 2976 rordm

158 3016 249 3081 etiam
263 3031 312 3077 me
324 3011 501 3076 temeritatis
516 3012 586 3076 vitio
597 3029 770 3092 accusares;
787 3012 857 3077 oiim
868 3014 932 3095 ipse
942 3017 1013 3080 adeo

160 3121 255 3202 tenui,
271 3120 402 3199 exilique
415 3118 553 3198 ingenio,
567 3117 603 3181 de
624 3118 713 3180 rebus
728 3119 815 3181 rerba
837 3119 932 3184 facero
955 3140 1013 3184 au-

159 3227 265 3305 deam,
280 3241 349 3304 qum
363 3241 416 3303 pro
437 3237 539 3284 rerum
558 3219 784 3302 magnitudino,
802 3222 1012 3300 gravissimum

156 3335 186 3389 et
205 3323 504 3406 eloquentissimum,
521 3339 554 3385 ao
578 3320 743 3384 maximum
759 3323 919 3402 quemdum
934 3326 1011 3388 Pod-

837 3428 847 3485 t
