2504 4240
510 440 692 486 nansonuro.
1010 425 1027 480 tt

175 560 211 616 ut
225 552 326 634 potius
341 553 450 634 dirino,
472 553 562 632 quim
580 555 712 616 humano
736 555 853 618 oraculo
872 550 1029 613 institutus

172 679 241 726 esse
263 662 419 740 rideatur3
446 668 475 725 et
500 659 613 724 nomini
629 660 806 739 subjicitur:
831 675 885 720 noe
905 663 1028 736 praestat

172 784 229 846 pro
239 784 331 845 regno
345 766 433 830 alicui
447 764 558 829 rirenti
573 764 747 842 homagium
760 786 766 842 ;
785 765 836 826 sed
852 764 941 824 Petro
958 777 1028 822 san-

173 869 308 934 ctissimo
323 873 411 952 Papae
422 871 544 934 titialem
559 869 767 934 obedientiam.
781 869 820 931 Et
837 866 906 930 dicit
918 866 1028 928 Batdus

173 971 206 1034 in
222 979 307 1052 parte
330 972 419 1035 Cous.
448 991 585 1053 ccccm,
608 973 791 1034 Francorum
813 987 902 1051 super
925 985 1029 1032 omnes

173 1074 414 1139 Christianorum
429 1078 526 1154 Reges
538 1093 677 1140 eoronam
692 1075 826 1139 obtinere
839 1073 986 1136 libertatis
998 1080 1029 1135 et

174 1177 298 1258 gioriae3
323 1187 352 1243 et
368 1197 458 1260 super
472 1179 567 1261 prima
582 1179 689 1242 rerilla
702 1177 888 1241 inuictissimi
898 1178 1028 1239 Franco-

173 1299 246 1345 rum
259 1281 361 1362 Regis,
378 1299 465 1344 nemo
480 1289 642 1362 presumat
654 1284 809 1357 honorem,
823 1287 875 1343 aut
892 1297 1029 1343 reveren-

173 1383 259 1446 tiam.
286 1383 362 1446 Dicit
382 1390 482 1447 tamen
498 1384 703 1447 Bartholusin
728 1383 855 1448 Constit.
880 1384 940 1457 Oui
963 1384 1028 1443 sint

173 1484 328 1546 rebelles:
343 1485 422 1562 quod
436 1483 467 1546 in
481 1483 608 1548 Ciuitate
626 1483 765 1548 Pisanum
779 1533 786 1564 ,
800 1501 834 1547 eo
854 1491 1003 1563 praesente
1019 1533 1026 1562 ,

175 1586 298 1666 quidam
319 1587 425 1650 Comes
439 1587 602 1651 Prorinoiae
624 1605 678 1667 per
693 1605 762 1649 suos
776 1585 925 1664 legitimos
946 1604 1030 1647 nun-

175 1689 238 1753 cios
263 1689 331 1753 iecit
356 1690 531 1770 homagium
554 1691 673 1755 auidam
695 1690 891 1770 imperatori,
917 1688 1032 1752 ratione

175 1791 343 1857 Comitatiis
361 1793 534 1857 Prorinoiae.
560 1793 616 1857 Cui
630 1801 731 1857 tamen
751 1812 811 1856 non
837 1800 883 1856 ost
904 1793 1031 1856 ereden-

175 1896 250 1958 dum
262 1915 269 1973 ;
285 1893 355 1958 otim
368 1913 428 1959 non
442 1903 582 1977 appareat
596 1897 632 1960 de
644 1896 769 1977 procuri
782 1947 789 1977 ,
804 1896 866 1960 sire
884 1895 1030 1974 legitimi--

175 2004 239 2060 tate
252 1997 373 2062 illorum
388 2000 568 2063 nunciorum
581 2019 588 2076 ;
603 2007 633 2062 et
658 2000 689 2062 in
715 2002 771 2064 hoo
795 2019 847 2063 sua
868 2001 954 2063 rerba
971 2018 1030 2062 non

176 2103 324 2168 induoant
343 2104 586 2188 dispositionem,
610 2105 772 2187 minisque
788 2106 897 2170 iaciant
914 2109 1004 2169 tidem
1024 2157 1030 2185 ,

175 2205 247 2270 edm
260 2205 324 2287 ipse
334 2216 412 2271 osset
422 2207 586 2291 familiaris
598 2217 629 2273 et
638 2209 825 2273 oonsiliarius
838 2209 919 2272 illius
929 2211 1029 2288 Impe-

175 2307 298 2370 ratoris:
311 2316 339 2372 et
351 2327 456 2374 rursus
465 2310 529 2392 ipse
538 2311 704 2376 Comitatus
715 2312 880 2376 Prorinoiae
893 2311 950 2374 iuit
962 2312 1032 2374 uni-

175 2420 265 2476 tuset
273 2413 725 2496 incorporatusregnoFranoiae.
736 2418 793 2480 Est
802 2424 902 2480 tamen
911 2431 1028 2496 rerum,

178 2520 259 2598 quod
277 2537 315 2583 ex
330 2521 484 2612 pririlegio
502 2522 609 2587 retinet
626 2539 734 2586 noman
746 2521 923 2601 Comitatus,
935 2529 965 2585 et
983 2540 1032 2586 re-

177 2623 262 2703 gitur
280 2627 446 2690 seeundum
461 2647 513 2691 sua
527 2636 650 2708 statuta,
663 2634 693 2690 et
706 2625 869 2708 privilegia,
884 2631 914 2687 et
925 2644 1032 2690 seeun-

177 2727 252 2793 dirm
264 2747 333 2793 suas
345 2731 471 2795 Ducates
485 2731 732 2811 constitutiones,
752 2733 838 2810 Juxta
853 2732 1028 2794 Barthotum

177 2833 258 2900 inL.
284 2836 323 2898 Si
342 2837 533 2899 convenerit.
549 2838 581 2899 rt.
601 2837 638 2898 de
657 2836 875 2917 Pipoorotr'tid
897 2836 1029 2899 actione.

176 2937 466 3018 Consuaranorum
481 2939 578 3017 Reges
599 2939 676 3002 bona
697 2937 838 3004 Ecclesiae
851 2939 1027 3021 defendere,

177 3049 207 3106 et
216 3041 320 3106 Fidem
334 3042 533 3107 Christianam
543 3049 749 3122 augmentare,
763 3050 796 3105 ut
813 3040 928 3106 notorie
942 3061 1033 3124 appa-

178 3153 224 3207 ret
240 3145 278 3208 de
296 3145 478 3224 Imperatore
496 3146 600 3210 Carolo
613 3163 722 3224 magno
737 3147 819 3224 Rege
830 3147 1029 3225 Francorum,

177 3246 232 3344 qui
250 3248 370 3310 reduxit
385 3265 504 3314 omnom
521 3249 693 3330 Hispaniam
715 3250 751 3313 ad
765 3250 867 3315 Fidem
885 3248 1031 3313 Christia-

178 3365 260 3430 uam,
272 3357 402 3416 testante
413 3351 560 3434 Gaguino,
573 3359 601 3418 et
616 3352 752 3434 pluribus
762 3353 838 3418 aliis.
850 3355 918 3418 ldoo
930 3353 1032 3433 appel-
