2538 4224
404 411 558 466 curunruur
580 414 787 460 rnnrnnrunrs.
981 399 1033 462 75*

164 514 1019 611 Deniquequidquidhabenthnmiuesguenandnnecesse,

205 628 284 692 Urbs
294 644 436 708 pomposa
445 630 532 692 modo
545 630 726 694 Massilitana
737 638 830 694 tenet.

165 730 325 796 Dererium
339 731 451 796 faciunt
465 740 568 798 eontra
581 751 630 798 me
643 737 687 797 les
701 734 852 815 Capitanis

205 836 250 898 De
261 834 445 915 Monpesatn,
458 835 680 915 Barbariusque
694 837 781 900 bene.

166 940 242 1002 Vota
260 941 322 1002 Dee
340 937 407 1019 feei,
424 957 581 1019 nunquam
602 943 727 1004 turnebu
741 939 840 1004 ridere

206 1042 379 1124 Massiliam,
393 1042 520 1108 nimium
534 1043 690 1110 fortificata
704 1047 795 1108 valet.
857 1109 860 1116 ,

165 1147 224 1209 Per
242 1162 365 1224 guerras
380 1164 497 1228 semper
511 1149 596 1212 tertis
610 1149 756 1212 Marselha
769 1146 958 1230 triumphat,

206 1249 347 1326 Unquam
361 1267 421 1316 uon
438 1259 538 1330 posset
558 1251 679 1316 uincere
689 1253 781 1316 Cesar
795 1269 875 1316 eam.

164 1353 221 1418 Tot
233 1356 419 1420 ralheutasas
437 1357 572 1421 feceruut
586 1356 785 1422 Massilienses
802 1407 810 1438 ‚

206 1459 341 1524 Scribere
358 1479 418 1524 uon
436 1468 536 1540 posset
549 1477 635 1524 musa
651 1460 782 1524 Maronis
796 1479 867 1524 eas:

167 1565 309 1640 Quamuis
324 1566 468 1628 Lucanus
485 1566 540 1628 hos
553 1581 650 1643 usque
664 1565 701 1637 ad
713 1563 808 1644 sidera
821 1566 907 1628 tollat
922 1615 930 1646 ,

209 1668 324 1730 florum
344 1665 471 1730 uirtutes
490 1665 706 1730 dinumerando
727 1683 815 1744 suas3
896 1725 897 1728 ,

168 1771 229 1833 Hes
249 1770 369 1834 laudare
385 1771 480 1850 decet,
495 1768 610 1833 laudari
626 1770 703 1832 tacta
718 1775 883 1832 merentur.

202 1873 267 1936 Non
283 1872 394 1936 similes
407 1871 502 1934 nutrit
516 1872 655 1936 Christus
666 1871 703 1934 ad
715 1888 798 1934 arrna
811 1870 900 1935 virus.

160 1977 220 2040 Sed
237 1977 274 2040 de
287 1977 431 2040 Marselha
443 1975 601 2055 braggauti
615 1977 735 2055 quaudo
749 1983 885 2040 returnar

199 2079 270 2142 Furt
282 2081 360 2142 male
378 2085 548 2158 nuntentus,
568 2080 686 2157 quaudo
698 2082 827 2160 repulsat
841 2097 927 2162 eum,

159 2177 327 2243 Antonium
347 2179 458 2242 ieram
471 2177 598 2242 trobarit
612 2179 688 2244 torte
703 2181 853 2246 maladum
870 2233 877 2264 ,

200 2281 257 2346 Cui
274 2299 355 2344 murs
368 2281 507 2346 terribilis
520 2280 605 2344 triste
620 2281 718 2348 nubile
739 2293 834 2365 parat.

158 2387 267 2454 Ethina
280 2394 399 2468 torquet
416 2404 486 2452 eum
500 2405 554 2468 per
565 2393 673 2468 costas,
695 2395 725 2450 et
744 2390 827 2452 dolor
841 2389 964 2470 ingens:

199 2492 276 2556 Cum
287 2493 365 2554 male
383 2508 431 2554 res
450 2488 541 2572 radit,
557 2489 656 2554 vivere
670 2489 768 2554 iauhat
787 2509 869 2556 eum.

160 2593 311 2658 Direrunt
324 2591 451 2659 medici:
469 2610 610 2672 speransa
625 2597 670 2656 est
688 2593 771 2656 nulla
787 2592 893 2658 salutis
906 2614 914 2672 ;

199 2699 391 2774 mutunus
402 2697 434 2762 in
446 2703 524 2764 testa
537 2696 636 2762 virere
657 2715 750 2778 pauca
765 2704 875 2778 potest.

158 2806 240 2868 Ante
261 2819 347 2866 suam
366 2807 498 2867 mertem
516 2799 610 2864 noluit
625 2803 741 2882 pariare
759 2818 812 2882 per
825 2802 931 2864 horam

198 2903 412 2988 imperelatnri,
435 2903 655 2983 eonsiliumque
671 2905 752 2968 dare.

157 3009 235 3086 Seis,
255 3010 355 3088 Cesar,
377 3006 480 3072 stricte
490 3006 585 3072 nostri
599 3013 785 3087 groppantur
797 3021 928 3086 amores;

197 3113 334 3190 Namque
344 3111 420 3174 duas
438 3109 553 3174 animas
568 3127 676 3189 cerpus
689 3115 852 3187 utrumque
864 3113 956 3172 tenet.

154 3220 219 3282 Heu
233 3219 239 3280 l
253 3217 325 3296 fuge
336 3217 518 3282 Proreusam
529 3215 654 3293 sertem,
667 3213 739 3291 fuge
753 3210 838 3276 littus
850 3228 984 3278 amarum
999 3235 1005 3292 ;

194 3325 251 3387 Fae
269 3320 324 3386 tibi
342 3337 411 3387 nen
423 3327 526 3387 noceat
545 3317 638 3398 gloria
659 3317 862 3390 tantumodo:
