2538 4224
232 390 271 452 76
318 429 322 436 -
496 407 618 452 arrrenn
639 407 820 454 nnrnnrnrsn

232 518 342 580 Contra
356 517 507 580 fortunam
521 517 670 580 Patronus
683 518 803 596 navigat
815 535 950 597 arnquarn
966 569 974 598 ,

273 622 334 684 Neo
346 627 449 684 eontra
463 639 602 700 guerram
615 621 773 701 testegiare
787 623 881 686 decet.

234 721 302 786 Noli
315 724 467 788 fortunam
486 727 554 806 plus
565 725 614 788 bio
628 731 744 788 tentare
759 725 902 790 ribaldam
916 747 922 804 ;

275 827 331 889 Est
346 844 426 890 nunc
438 843 491 906 pro
503 826 607 907 Gallis,
620 826 731 890 Fransa
744 827 893 904 gubernat
906 843 984 888 earn.

236 931 281 993 Tu
302 931 379 993 bene
397 929 561 1010 cognoscis,
577 949 636 994 non
653 947 755 1010 posses
774 929 892 994 vincere
905 929 1044 1008 Gallum,

276 1035 333 1098 Per
352 1034 463 1102 forsan
478 1036 581 1096 nullus
592 1035 675 1097 huno
693 1051 834 1113 superare
853 1039 963 1113 potest.

235 1139 296 1202 Son
314 1154 454 1218 campum
465 1137 602 1200 bravium
615 1155 697 1199 nnnc
711 1136 864 1200 Arenione
879 1137 1008 1215 boarit,

274 1241 365 1302 Illum
377 1256 447 1302 cunr
462 1239 573 1317 grossis
592 1247 651 1302 tres
662 1241 739 1306 bene
753 1239 859 1304 clausit
876 1240 961 1318 aquis
978 1289 985 1320 ,

233 1343 273 1406 Et
288 1349 331 1406 tot
343 1344 433 1406 habet
447 1342 583 1408 homines
601 1343 638 1406 de
652 1360 760 1421 guerra
773 1343 835 1420 jam
850 1341 907 1406 sibi
920 1343 1013 1404 fortes
1028 1390 1035 1421 ‚

273 1447 351 1520 Quot
365 1445 420 1510 tibi
429 1447 583 1509 donabunt
596 1448 626 1508 la
638 1449 715 1509 rnala
730 1465 817 1527 pasoa
832 1446 930 1508 modo.

236 1551 310 1613 Sum
328 1549 492 1612 moriturus
506 1565 573 1626 ego,
587 1555 667 1612 reete
679 1555 720 1629 te,
734 1566 847 1628 queso,
862 1549 997 1626 guberna
1011 1569 1017 1608 :

274 1651 389 1716 Invidet
407 1650 535 1732 Imperio
555 1651 668 1714 Fransa
687 1659 808 1731 potente
830 1659 893 1713 tuo.

236 1754 387 1821 Assortire
400 1755 481 1820 venit
496 1763 527 1819 te
538 1773 631 1835 nuno,
652 1773 734 1819 nuno
751 1757 864 1818 Fransa
883 1754 1047 1832 galharda,

276 1863 335 1926 Fae
348 1860 427 1939 quod
442 1861 482 1924 sis
501 1859 629 1942 sapiens,
645 1868 736 1939 atque
750 1863 889 1939 galantus
903 1861 993 1922 horno
1010 1882 1016 1920 :

237 1964 335 2036 Quare
351 1970 382 2026 te
400 1963 502 2044 retira,
522 1961 584 2026 noli
602 1969 735 2042 spectare
753 1963 924 2038 maturum3

276 2065 325 2128 Nil
339 2065 395 2128 tibi
409 2068 478 2145 plus
496 2065 604 2144 dicam,
618 2065 708 2128 Cesar
722 2063 827 2142 arnioe,
841 2065 917 2126 vale.

239 2171 310 2233 Post
322 2168 450 2232 moritur
463 2169 590 2248 furiens,
610 2168 706 2233 rabies
723 2187 757 2232 ae
770 2176 894 2250 occupat
906 2167 995 2231 illurn
1010 2217 1019 2247 ,

279 2275 459 2354 Desperatus
471 2273 572 2354 bomo,
587 2292 672 2338 sensa
685 2291 789 2337 vocare
806 2275 913 2337 Deum.

237 2379 305 2457 lpse
317 2395 386 2440 suos
405 2374 499 2440 voluit
510 2384 584 2441 tune
595 2379 732 2458 appelare
744 2377 903 2456 magistros

280 2481 324 2543 De
342 2477 428 2558 nigro
446 2478 576 2560 inferno,
593 2496 711 2561 semper
730 2478 840 2542 amarit
858 2496 927 2542 eos:

241 2587 342 2666 thue
353 2585 503 2666 Capellani
517 2583 630 2648 iaciunt
645 2589 758 2646 secreta
772 2588 943 2660 momenta,

282 2687 331 2752 Sic
342 2689 429 2751 modo
449 2693 562 2751 secreta
580 2688 669 2750 verba
684 2685 834 2766 sequenda
848 2687 949 2750 refert.

240 2793 357 2858 Obeus
371 2791 481 2856 interni
494 2789 655 2871 tenebrosi,
669 2792 769 2871 Pluto,
785 2790 900 2854 diablei

282 2900 434 2962 Dannatas
456 2897 571 2961 animas
583 2896 636 2977 qui
648 2896 786 2961 rabinare
797 2896 889 2978 iacis,

242 3005 423 3085 arnoyme
443 3001 622 3066 infernales!
641 3019 657 3063 a
678 2999 762 3064 robis
780 3018 830 3065 me
850 3003 1047 3082 reoomando‚

282 3105 369 3168 Nune
383 3121 487 3167 omnes
498 3103 629 3168 animam
644 3102 791 3184 prendite,
805 3119 919 3184 queso,
932 3121 1043 3168 meam.

242 3209 316 3271 Sum
331 3207 490 3271 damnatus
506 3226 562 3288 ego
576 3214 668 3290 certe,
684 3225 738 3289 pro
751 3205 876 3271 erimine
887 3207 1024 3288 grando,

235 3360 236 3364 ,
280 3309 375 3390 Quod,
392 3316 493 3373 eontra
510 3311 655 3375 Fransatn
665 3308 859 3390 consiliando,
873 3307 950 3373 dedi.
