2504 4240
181 411 186 418 ’
269 440 288 498 a
608 449 636 490 r.
660 446 771 508 luunt,

266 569 329 624 tam
343 557 518 637 efflagitant.
534 559 596 620 Tua
609 567 707 622 lamen
717 555 877 636 singularis
885 553 1058 618 humanitas
1068 569 1127 617 mc

264 672 380 736 hortata
394 676 440 734 est
454 666 618 750 plurimum
634 715 641 746 ‚
657 673 692 728 ut
705 681 739 730 ea
754 663 882 728 scribere
900 679 960 725 non
976 676 1098 724 vererer
1112 711 1122 741 ‚

264 791 332 852 quae
341 771 410 835 cirrn
420 772 457 834 ad
466 768 617 848 dignitatis
630 768 828 848 splendorem,
840 773 906 829 turn
915 768 953 829 ad
964 765 1122 827 excellen-

263 876 388 939 tissimae
410 873 505 937 laudis
528 880 589 936 tuae
611 872 736 951 gloriam
757 870 905 952 pertinere
925 861 1116 949 jndicantur.

263 981 336 1054 eris
352 979 444 1060 enim,
459 977 516 1040 nisi
526 974 812 1056 singularissingenio,
826 973 1044 1053 excellentique
1060 975 1118 1036 do-

262 1081 368 1161 ctrina,
384 1073 918 1160 materiam,laudosquotuasfposset,
930 1076 1113 1153 condicam,

262 1183 430 1263 eloquentia
445 1184 601 1260 decorare,
618 1181 669 1245 sed
683 1179 906 1244 enumeratione
927 1177 1114 1259 complecti?

262 1285 356 1347 'lanta
370 1281 450 1346 enim
464 1289 509 1345 est
529 1279 794 1344 innumerabilium
816 1279 962 1342 virtutum
986 1286 1112 1342 tuarum

263 1387 435 1467 multitudo,
451 1385 529 1450 utin
544 1386 587 1450 eis
601 1384 790 1450 recensendis
803 1404 864 1448 non
878 1383 979 1450 minius
996 1383 1111 1463 negotii

263 1491 312 1572 sit,
324 1489 414 1570 quam
428 1488 459 1551 in
472 1488 680 1553 enumerandis
694 1487 769 1552 Coeli
783 1487 927 1552 sideribus
945 1488 1106 1551 elaborare.

261 1594 415 1672 Quantum
428 1593 510 1659 enirn
533 1601 562 1656 et
583 1592 763 1674 prudentia,
784 1601 816 1657 et
832 1592 966 1657 bonitate
985 1594 1083 1656 valeas
1097 1611 1104 1669 ;

259 1695 409 1778 quantiam
425 1694 553 1774 deniquo
567 1693 598 1756 in
612 1694 669 1758 alio
690 1693 795 1773 quouis
814 1693 901 1757 titulo
914 1693 1010 1756 laudis
1029 1712 1108 1774 prm-

260 1806 332 1878 stos,
350 1814 482 1876 unquam
506 1796 573 1877 quis
588 1797 716 1861 scribere
729 1800 854 1877 posset?
882 1797 980 1869 Quare
992 1794 1106 1858 nemini

259 1901 370 1966 mirum
380 1900 472 1964 videri
481 1902 586 1980 debet,
605 1901 629 1964 si
643 1900 818 1964 Franciscus
827 1902 893 1964 Rex
904 1907 1005 1963 noster
1019 1899 1107 1962 Chri-

260 2003 471 2083 stianissimus,
487 2001 653 2082 tohoctali‚
669 2010 791 2083 tamquo
802 2001 1106 2084 praeclarodignitatis

257 2129 382 2176 munere
396 2112 567 2173 decoratum
578 2109 615 2172 iri
631 2110 765 2174 voluerit.
781 2110 1107 2191 Haecenimsuntprae-

255 2211 325 2292 mia,
342 2229 411 2289 quao
432 2209 612 2274 incredibilis
626 2209 672 2272 tui
685 2210 797 2289 ingenii
811 2212 1006 2293 magnitudo,
1031 2217 1104 2294 nul-

254 2313 400 2377 cherrima
414 2313 596 2394 optimorum
609 2313 724 2393 jnriom
738 2315 846 2396 studia,
858 2319 979 2395 elegans
988 2315 1107 2381 dicendi

253 2415 335 2496 copia
349 2424 541 2498 pepererunt.
558 2419 651 2482 Taceo
665 2418 785 2482 interim
799 2418 829 2480 in
845 2435 949 2482 omnes
962 2419 1106 2483 humani-

250 2519 597 2584 tatemetclementiam.
613 2521 671 2585 Sed
692 2539 730 2584 ne
741 2520 1105 2586 videarohlitusamioitiae

254 2630 375 2706 nostra,
392 2631 422 2688 et
441 2641 479 2688 ne
493 2623 620 2688 incidam
634 2623 665 2686 in
677 2623 707 2687 id
718 2623 908 2704 proverbium
922 2626 1001 2704 quod
1012 2625 1106 2704 uulgo

253 2725 311 2791 dici
325 2730 411 2805 solet,
427 2728 506 2808 quod
521 2728 605 2791 abest
624 2728 661 2790 ab
678 2730 775 2806 oculo,
791 2727 821 2790 id
838 2745 957 2806 quoquo
968 2727 1105 2791 abessea

252 2831 359 2908 cordo;
380 2828 452 2910 quid
466 2829 547 2892 enirn
562 2828 689 2892 sentiam
713 2830 749 2892 do
769 2827 826 2892 isto
845 2831 1045 2910 Imperatore,
1071 2839 1103 2894 et

250 2933 323 3011 quid
336 2935 413 2997 lama
423 2933 539 3014 publica
553 2940 649 3014 sonet,
663 2933 732 2996 stilo
744 2940 845 2996 nostro
854 2933 967 3012 agresti
975 2932 1100 3014 politico,

250 3033 376 3118 'expletis
391 3038 549 3102 fastidiosis
564 3037 692 3118 negotiis
704 3046 815 3103 nostrae
828 3041 1000 3102 clamorosa
1009 3038 1102 3102 curiae

251 3141 338 3204 Villae
349 3143 380 3205 S.
397 3143 433 3204 R.
450 3142 605 3206 certiorem
620 3161 673 3224 pro
688 3142 790 3206 solatio
802 3151 833 3206 te
846 3142 967 3206 reddere
976 3149 1101 3205 conatus

250 3261 328 3306 sum.
344 3245 447 3324 Neque
458 3244 538 3309 enim
551 3245 637 3310 illum
649 3246 751 3310 mirari
761 3246 832 3310 satis
845 3253 970 3326 possunt
980 3245 1100 3326 sapien-

251 3355 306 3429 tes,
320 3349 372 3427 qui
390 3356 450 3411 tam
470 3350 624 3432 audacter,
641 3353 754 3430 absque
765 3349 841 3429 juris
861 3347 990 3429 ratione,
1007 3367 1102 3412 ausus
