2504 4240
240 423 278 482 26
503 433 624 479 nram
645 431 826 477 narnarmsn

238 545 278 609 Ut
297 561 356 607 non
370 543 486 608 deficiat
497 543 654 608 Dominam
668 541 814 624 passando
829 540 946 618 videre3

278 646 326 709 Ad
340 645 458 710 Nissam
472 645 582 726 leniat,
605 644 773 726 leslegiabia
787 659 869 708 eum.

238 748 334 812 Grans
348 746 433 813 iaoiet
447 765 561 827 ponas,
581 747 625 810 illi
638 747 774 811 donando
790 762 915 828 separe,

278 855 317 919 El
331 852 462 918 conlabil
478 850 507 916 ei
525 851 653 934 plon'ma
668 851 757 916 verba
770 869 857 915 nora.

238 960 293 1024 Est
306 959 421 1024 dictura
435 954 491 1020 sibi
506 966 552 1020 ter
565 967 689 1020 cerarum
702 955 785 1019 milla
801 955 951 1035 querellas
964 973 972 1033 ;

278 1066 349 1128 Fort
365 1070 467 1128 oonlra
480 1063 624 1126 Fransam
641 1059 800 1124 comotiata
817 1066 930 1124 manet.
945 1137 951 1146 ,

239 1168 297 1233 Sed
311 1169 388 1230 malo
401 1165 543 1246 avisatus,
565 1165 607 1228 nil
620 1175 694 1228 tune
709 1163 860 1246 pensando
878 1163 1063 1245 peripsam,

276 1267 552 1342 Passavil‘ilissam
569 1287 628 1333 non
644 1267 838 1352 supplicando
852 1267 919 1332 sibi.

238 1375 303 1438 Non
318 1391 350 1436 se
363 1373 546 1453 aneslando,
561 1371 656 1436 noluit
670 1373 824 1437 marohare
837 1370 1010 1437 caminum:

276 1477 415 1540 Mortales
430 1491 547 1555 goerrae
565 1477 671 1557 gaudia
685 1483 793 1542 cuneta
806 1479 919 1543 lerant.

235 1580 321 1654 Quod
334 1580 454 1659 quando
468 1579 565 1661 solvit,
581 1579 661 1659 quod
678 1580 740 1659 jam
754 1586 925 1661 passaverat
942 1581 1023 1644 ollra

276 1685 351 1748 Sens
365 1687 480 1765 pariare
494 1681 562 1764 sihi,
579 1689 647 1746 lum
663 1684 825 1748 reverendo
838 1682 935 1764 nihil,

237 1787 304 1851 Non
317 1793 457 1850 contenta
475 1785 544 1866 luit,
564 1803 596 1850 se
613 1785 789 1850 oorrossavil
802 1785 833 1849 in
852 1785 917 1863 irai,

277 1891 487 1972 Charpinassel
501 1909 583 1972 eum,
605 1891 631 1955 si
647 1891 703 1956 sibi
715 1892 794 1955 forsa
808 1893 896 1956 rorat.

237 1996 325 2059 lione
334 1994 469 2073 sequitur
483 1998 639 2077 plangens,
653 1993 741 2060 laoilo
751 1996 809 2059 sul)
820 2001 938 2076 pectore
952 1996 1091 2060 orobbal:

276 2099 501 2162 Tarlarellando
512 2099 634 2163 faemina
650 2115 729 2180 saepe
744 2097 847 2162 oridat.

235 2201 283 2266 nd
300 2207 383 2264 sanat
402 2201 589 2264 Laurensum
602 2203 771 2265 l’armalam
785 2218 850 2264 oras
864 2201 1030 2284 atrobalit,
1051 2211 1054 2216 '

274 2305 314 2368 El
333 2301 403 2367 cim
415 2301 487 2367 vion
499 2321 580 2385 eum,
597 2301 747 2384 elamal,6
763 2304 865 2384 Cesar,
878 2322 943 2368 ave.

234 2411 272 2474 Se
288 2409 372 2472 bolal
385 2407 416 2472 in
431 2415 554 2490 terram,
575 2411 680 2472 molles
699 2409 845 2473 flectendo
859 2407 1009 2492 ginollros,

275 2515 362 2576 Prest
375 2513 500 2595 baysare
513 2529 621 2577 manus
635 2520 727 2592 alque
740 2514 857 2578 volebat
875 2514 913 2578 ei.

211 2669 226 2685 s
235 2619 317 2686 Feail
332 2617 359 2682 oi
375 2619 503 2697 grandes
520 2621 621 2698 plnres
633 2619 757 2699 Jasando
770 2621 936 2697 querellas;

276 2725 316 2790 Ut
331 2723 481 2804 seqnitur,
494 2723 569 2786 dixit
588 2741 657 2788 oum
676 2723 908 2804 grar·ila1ebonai
921 2745 927 2787 :

236 2827 277 2891 Te
290 2828 451 2891 Dominum
469 2827 625 2892 munditie
639 2840 708 2892 vero
722 2827 810 2892 corde
829 2830 926 2892 saluto
940 2851 947 2891 :

276 2932 292 2994 J
296 2949 330 2994 ns
344 2931 399 2995 tibi
413 2932 569 3010 demando,
593 2931 801 3012 justitiamque
814 2932 947 2996 brevem.

237 3037 282 3099 Tu
301 3037 377 3100 bene
391 3037 459 3118 sois,
477 3039 579 3118 Cesar,
595 3036 714 3117 grandis
728 3043 775 3100 est
793 3044 879 3100 nolra
892 3036 1007 3102 liansa:

276 3142 335 3202 Vos
349 3157 426 3217 amo,
442 3142 502 3204 Vos
516 3147 636 3206 nostros
653 3149 743 3221 alque
757 3141 884 3205 maritos
895 3149 986 3206 amai.

235 3243 300 3306 Non
319 3249 418 3306 lamen
433 3244 551 3322 ignoras
567 3245 638 3324 qnid
655 3245 740 3309 nobis
758 3243 881 3308 Francia
895 3244 986 3310 lecit:

275 3343 440 3428 Savoyham
454 3347 530 3428 oepit
544 3365 614 3412 oum
628 3347 781 3414 Piemonle
793 3347 897 3412 simul.
