2504 4240
378 428 532 482 mromour
555 427 760 473 mrmrrroms.
952 415 990 473 25

136 541 241 606 Remis
255 549 286 606 et
300 542 372 606 velis
384 541 542 621 omnisque
560 545 658 620 galera
672 539 821 624 eamirlat,

179 649 256 711 Cum
271 645 381 708 uirtute
397 643 474 706 buna
494 650 554 707 teta
571 644 706 708 chieuma
721 653 841 724 vuguat.

137 757 206 835 lpse
219 754 325 816 Cumm
338 749 464 816 miseras
482 751 607 814 fossatos
621 749 755 828 anguilat
768 766 890 831 omnes,

176 860 250 921 Plus
265 856 355 936 qu'am
373 857 506 919 borellus
520 853 595 918 torte
610 855 701 918 feritat
714 871 776 918 eos.

142 961 348 1024 Bumhardant
362 965 495 1024 castrum
511 957 619 1037 magnai
636 957 932 1038 rememorarem,

182 1062 288 1130 Omnis
302 1062 437 1144 taysabat
454 1061 549 1124 llutus
562 1067 593 1124 et
608 1060 686 1122 unda
700 1058 801 1124 maris.

132 1172 169 1232 ln
185 1175 303 1230 terram
315 1163 430 1246 pedites
443 1164 544 1244 plures
561 1162 740 1226 descendere
752 1161 845 1243 lecit,

180 1271 221 1334 Et
235 1276 338 1335 contra
356 1285 459 1334 muros
473 1283 578 1348 grossa-
589 1268 687 1332 boleta
700 1268 830 1348 lrepam.

145 1375 194 1438 Ad
210 1380 338 1438 mortem
357 1375 460 1454 plures
479 1371 646 1451 guerrando
665 1369 734 1434 villa
747 1369 877 1450 belarit,

182 1475 455 1539 Esearamussaudo
472 1472 604 1555 quisque
615 1475 752 1536 raleutus
767 1479 842 1536 erat.

77 1615 79 1619 .
139 1582 179 1644 Et
193 1583 222 1644 le
236 1581 390 1658 Seguerus
412 1577 567 1642 d'Autilrol
580 1577 773 1657 gentilalorus

181 1685 220 1747 Se
239 1685 316 1747 bene
329 1680 471 1760 defendit,
486 1689 577 1762 atque
591 1683 725 1746 halallrat
737 1697 789 1744 eos
804 1703 811 1742 :

137 1785 177 1850 Et
193 1802 263 1848 eum
276 1783 448 1870 lumbardis
462 1784 565 1848 hrmsi
578 1785 728 1849 elimando
741 1786 856 1864 galerus
870 1831 879 1860 ‚

181 1887 364 1952 Perfundare
377 1887 452 1952 duas
466 1888 498 1952 in
509 1905 592 1954 mare
603 1893 707 1970 presto
719 1887 799 1953 lauit.

137 1990 238 2053 Benda
254 1997 352 2054 coacta
367 1989 424 2054 luit
438 1990 559 2054 tandem
572 1996 638 2070 post
656 1987 793 2069 linquere
809 1997 960 2070 castrum3

180 2094 281 2160 Victor
298 2094 409 2175 quippe
422 2095 518 2175 lugat,
534 2093 630 2158 rietus
644 2096 682 2158 all
695 2096 782 2159 hoste
793 2095 871 2175 fugit
886 2119 892 2158 :

138 2198 277 2278 Namque
288 2195 446 2262 resistendi
459 2205 532 2262 tune
548 2214 608 2260 uon
620 2196 677 2261 luit
691 2199 789 2280 ampla
802 2204 953 2280 potestas;

180 2303 290 2367 Contra
305 2320 359 2366 uos
377 2300 505 2366 nimium
522 2309 627 2384 trappa
639 2301 770 2382 maligna
785 2302 866 2368 tirat.

143 2405 192 2470 Aa
211 2405 351 2468 Grassam
364 2404 486 2484 lugiunt
500 2405 650 2487 Franeesi‚
667 2423 699 2469 se
715 2404 864 2469 retiraudo

183 2509 296 2572 Versus
307 2509 490 2590 Briguolam,
505 2517 606 2591 postea
621 2509 726 2574 versiae
740 2509 856 2588 Aquas.

142 2610 308 2676 Consilium
324 2612 432 2676 melius
445 2629 602 2693 nunquam
613 2613 649 2678 de
661 2615 729 2694 iure
747 2611 932 2690 trobassent3

183 2715 233 2780 Nil
247 2724 346 2798 posset
359 2717 471 2782 tiuridis
488 2717 584 2781 tutius
597 2735 663 2782 esse
679 2715 761 2797 lugi.

144 2821 243 2885 Unam
258 2820 379 2886 sarisam
395 2821 486 2886 Vobis
499 2837 665 2885 memorare
683 2821 837 2898 recordor,

186 2922 282 2995 Quam
296 2924 332 2987 de
347 2922 480 3008 Savuyhi
495 2925 591 3008 gepha
606 2925 757 2988 Duahessa
776 2910 867 3004 facit,

145 3029 180 3090 ln
195 3033 293 3091 pastro
305 3025 400 3090 Nissae
414 3033 560 3090 serratam
573 3043 605 3089 se
622 3025 797 3107 retinendo,

185 3131 263 3195 Cirm
277 3129 378 3194 timuit
392 3130 547 3210 Fransam,
563 3128 778 3209 perdubitaudo
793 3128 859 3194 sihi.

145 3233 353 3316 induperatori
367 3233 498 3298 venienti
511 3233 642 3312 mandat,
659 3238 688 3295 et
702 3231 746 3296 illi

185 3343 243 3404 Per
256 3342 360 3404 lettres
377 3337 509 3404 multllm
525 3355 556 3402 sa
570 3337 757 3401 recemandat
772 3336 817 3417 ei,

821 3442 839 3501 l
