2538 4224
414 427 568 480 careerprrr
591 426 797 472 terremotus
994 409 1034 466 85

182 543 279 608 Omne
290 541 361 605 lieet
375 541 465 604 donet
476 541 540 604 Rex
554 541 802 604 demandantibus
816 538 881 618 illi,

223 647 290 709 Non
305 650 408 726 passat
422 645 541 720 lettres,
555 645 627 707 dum
643 643 757 707 ratione
771 649 884 706 carent.

184 750 308 824 Quando
323 755 431 830 petunt
443 747 554 828 aliquid
567 755 686 826 gentes,
701 749 765 812 Rex
778 746 876 811 omnia
894 748 995 830 haplat
1011 796 1018 827 ,

223 855 279 918 Est
295 870 414 934 semper
434 859 549 917 mottus
560 852 597 916 de
607 851 717 934 pietate
735 854 834 915 hona:

187 957 243 1020 Est
256 955 288 1019 in
303 973 404 1020 amore
421 957 500 1020 beno
515 971 633 1036 semper
646 956 710 1018 Rex
725 954 869 1036 prodigus
882 953 1010 1034 ingens,

226 1063 267 1126 Et
291 1068 434 1140 tanquam
448 1059 596 1138 Christus,
612 1075 732 1139 parcere
744 1060 840 1132 multa
855 1059 964 1121 solens.

185 1164 218 1228 Si
232 1163 349 1244 quoties
366 1171 490 1245 peceant
507 1163 662 1242 homines,
679 1179 731 1225 sua
745 1160 872 1224 iutmina
886 1159 988 1224 mittat

225 1275 283 1342 (0²
293 1266 442 1348 luppiter,
462 1264 571 1344 exiguo
584 1272 718 1344 tempore
732 1266 835 1327 nultus
846 1262 914 1327 erit.

187 1371 353 1436 Consilium
369 1371 492 1433 rransae
506 1371 558 1434 sed
576 1377 644 1450 pest
657 1387 717 1432 non
741 1371 885 1450 approbat
898 1366 973 1430 illud
989 1415 996 1447 ,

228 1475 354 1548 Quando
368 1473 448 1537 videt
470 1473 550 1552 quod
562 1491 623 1537 non
637 1491 692 1554 pro
706 1471 821 1535 ratione
832 1473 921 1534 valet.

190 1575 376 1641 Promittunt
387 1577 485 1654 Reges
498 1576 580 1654 leges
599 1591 717 1637 serrare
730 1591 783 1654 per
799 1573 923 1652 orbern,

230 1681 307 1744 Cum
328 1678 384 1744 sibi
402 1697 455 1759 per
471 1681 616 1759 poputum
632 1695 714 1741 saera
733 1695 841 1741 corona
855 1677 962 1756 datur;

190 1785 230 1849 Et
250 1785 327 1846 mala
348 1789 391 1845 tot
408 1782 475 1862 teci,
496 1781 576 1861 quod
588 1797 747 1861 nunquam
765 1780 861 1844 dicere
875 1797 1014 1861 possem,

115 1887 125 1896 “
231 1886 281 1951 Sic
295 1886 413 1950 reniam
427 1888 542 1948 nullam
555 1903 637 1948 nune
655 1884 730 1948 mihi
742 1885 853 1948 Fransa
868 1885 963 1948 daret.

195 1990 337 2056 Protinus
351 2006 433 2070 ergo,
449 2005 564 2070 precor,
582 1987 700 2069 saldati,
716 2007 798 2053 nune
811 1987 963 2069 fugiamus
979 2009 986 2050 :

232 2093 291 2169 Qui
308 2081 397 2157 rrimis
415 2091 555 2170 attendit,
575 2099 643 2174 pest
657 2095 735 2156 male
748 2099 869 2173 ternpus
883 2091 988 2156 hahet.

194 2199 269 2262 Sum
283 2199 362 2260 mate
376 2202 535 2260 contentus
549 2202 611 2275 tet,
627 2196 707 2274 quod
721 2213 781 2259 non
797 2195 894 2260 dicere
906 2208 1025 2276 possem
1037 2213 1045 2271 ;

234 2300 293 2363 Sed
304 2314 353 2360 me
367 2313 420 2379 per
430 2297 542 2360 tersarn
554 2294 703 2373 caragiare
718 2296 812 2360 deeet.

197 2402 222 2467 0
237 2401 318 2484 passi
335 2397 486 2482 graviora!
507 2398 588 2464 dabit
602 2399 683 2461 [teas
696 2397 744 2460 his
762 2415 883 2478 quoque
895 2401 1006 2479 tinem;

236 2509 302 2571 Non
322 2523 428 2571 sumus
441 2503 540 2584 ignari
557 2521 612 2565 nes
625 2499 767 2564 habuisse
780 2503 907 2565 malum.

196 2609 302 2674 Tristis
316 2616 380 2674 erat
398 2611 531 2672 muttum
548 2607 585 2670 de
603 2622 696 2688 payso
710 2603 829 2683 quando
848 2602 989 2683 recessit;

238 2713 428 2794 complentes
442 2729 561 2790 grossas
574 2709 649 2790 ipse,
672 2707 829 2788 gemendo,
844 2707 951 2781 dabat,

198 2822 296 2896 Quare
309 2837 370 2883 non
384 2824 501 2900 peterat
514 2818 608 2880 ullam
622 2816 731 2880 donare
744 2814 898 2878 batalham

238 2925 303 3006 iiie,
318 2923 472 2987 nisinune
484 2923 599 2986 bellum
610 2921 746 3003 perderet
760 2937 849 2984 omne
863 2934 953 2984 suum
973 2941 980 2982 :

198 3027 238 3091 Et
256 3027 363 3089 tientes
377 3023 457 3090 oculi
470 3025 602 3087 muttum
617 3041 670 3086 sua
682 3027 800 3101 pectora
814 3022 947 3100 bagnant
963 3072 973 3102 ,

240 3131 388 3196 Destiiant
414 3129 578 3210 lachrimae,
594 3146 647 3209 per
660 3125 825 3206 faciemque
839 3128 960 3192 cadunt.

199 3234 361 3316 Impatiens
375 3235 496 3299 tandem
510 3249 579 3297 eum
593 3247 702 3308 magna
717 3247 787 3295 voce
799 3231 927 3312 beabat,

241 3338 280 3408 dt
293 3337 419 3420 pedihus
431 3344 541 3402 terram
557 3333 748 3416 trapegiando
762 3333 871 3402 tremit.
