2504 4240
376 429 531 482 narourour
555 430 760 476 ruruuaroars.
958 415 995 472 45

138 541 262 620 Ventos,
276 539 449 621 armoriae,
464 547 495 604 et
509 540 618 619 frigora
634 557 743 618 magna
758 539 911 621 parinum

177 641 367 722 Paupertatis
380 659 457 704 onus
470 659 549 722 saepe
563 642 668 704 tuabat
681 659 743 704 eos.

137 747 196 808 Per
211 748 238 806 la
254 745 435 810 monreriam
449 744 605 824 fugiebant
622 745 814 810 sollerianses
832 769 838 808 :

178 851 234 912 Est
250 867 357 914 neruus
371 852 545 928 obscurum,
568 849 637 914 ailla
652 849 802 914 ministrat
816 865 893 914 eam.

135 955 196 1017 Per
211 957 256 1016 las
270 962 448 1034 montagnas
463 955 576 1018 radunt
592 957 735 1018 cernendo
746 971 889 1018 cavernas
906 977 913 1016 :

180 1057 326 1136 Tempore
340 1073 518 1134 guerrarum
533 1073 604 1118 sara
618 1063 718 1131 cavata
733 1059 862 1136 placent.

135 1162 205 1224 Non
219 1167 424 1240 rempeslates
440 1159 584 1240 pluviam,
606 1179 664 1224 non
678 1159 800 1239 frigora,
817 1160 956 1240 caldum,

178 1265 277 1344 Apros
290 1282 345 1328 nee
357 1271 508 1344 motuum,
523 1283 583 1328 nou
596 1265 723 1328 animale
737 1266 831 1330 ferox.

138 1371 174 1430 ln
190 1387 249 1448 qua
265 1377 349 1449 parte
360 1369 405 1432 aia
418 1377 463 1434 est
478 1369 573 1448 magis
587 1387 702 1450 aspera,
721 1370 855 1434 tenditur
868 1370 961 1447 illuu;

179 1472 346 1553 Malvaysos
360 1479 478 1534 montes
492 1478 565 1536 tuno
578 1471 712 1536 babitare
725 1475 840 1534 volunt.

138 1573 172 1636 Si
186 1580 317 1652 trovam,
332 1576 516 1652 mergebant
532 1597 537 1636 :
555 1573 580 1637 si
595 1593 675 1654 non,
692 1573 832 1655 patientia
844 1623 851 1652 ,
865 1573 967 1638 mount
985 1598 992 1638 ι

181 1679 281 1756 Sequa
299 1679 403 1756 iuvare
416 1679 511 1757 deoet,
533 1680 653 1758 quando
671 1695 792 1742 necesse
807 1677 897 1742 venit.

137 1784 205 1846 Non
218 1785 301 1846 locus
315 1783 346 1846 in
361 1785 473 1847 mundo
494 1783 589 1863 magis
604 1792 649 1848 ost
670 1784 820 1848 silvaticus
834 1785 905 1866 illo,

177 1886 280 1950 ¹Patria
295 1889 452 1952 Provensae
468 1887 664 1952 monticulosa
678 1896 790 1954 manet.

140 1991 200 2056 Sed
212 1990 265 2055 ribi
280 1991 323 2054 ais
338 1992 444 2070 dinam,
464 1992 618 2070 fugiebant
633 2011 692 2056 non
716 1991 779 2056 sine
790 2010 897 2070 oausa3

181 2100 244 2162 Lou
260 2102 338 2163 male
351 2106 519 2163 rosiensum
535 2100 681 2178 prendere
698 2100 826 2181 quisque
840 2101 938 2180 fugin

142 2207 216 2268 Tres
230 2205 309 2267 male
320 2220 390 2266 nam
404 2210 515 2266 tractat
528 2206 573 2268 las
586 2212 702 2285 gentes,
715 2213 806 2284 atone
819 2213 960 2270 retraorat
975 2229 980 2267 :

181 2306 245 2369 Illis
262 2309 313 2369 lou
328 2308 447 2386 Turgus
467 2325 529 2370 non
545 2310 625 2371 mala
638 2315 721 2372 tanta
738 2308 819 2373 iaoit.

141 2411 285 2475 Pluribus
298 2411 329 2474 in
343 2411 458 2490 guerris
470 2411 527 2474 fuit
541 2419 571 2475 et
585 2412 706 2476 uictoria
722 2430 842 2492 seuum3

181 2518 255 2580 Plus
267 2517 448 2596 fortunatus,
466 2531 557 2596 quam
567 2517 724 2598 sapiemus
741 2517 835 2580 adest.

145 2621 301 2694 Quantum
329 2618 607 2699 oroquignet,heu1
628 2622 730 2682 nullus
744 2618 840 2682 disere
853 2627 963 2698 posset.

184 2727 281 2808 Arnas
292 2729 362 2806 plus
375 2728 492 2808 longas,
505 2743 597 2806 quam
612 2729 642 2789 lo
657 2723 793 2804 Diaulus,
807 2724 910 2787 babet.

144 2829 200 2893 Est
215 2827 272 2892 sibi
289 2827 430 2893 continue
449 2847 502 2909 pro
515 2828 631 2908 guerris
646 2829 918 2910 mummolenum,

186 2933 332 2998 Omnibus
346 2931 377 2995 in
396 2931 475 2996 vitiis
496 2935 596 3014 plena,
610 2935 731 3016 replem
743 2931 842 2996 malis.

143 3044 306 3122 Nunquam
324 3041 399 3105 vista
419 3040 476 3104 ruia
488 3047 607 3104 tantum
620 3055 756 3120 perversa
769 3040 915 3103 oanaiba:

186 3146 282 3210 Omne
294 3148 390 3210 scelus
409 3143 532 3225 iaciunt,
553 3161 612 3208 non
624 3146 784 3209 naetuendo
796 3145 913 3228 beum;¹

119 3271 129 3290 ⁴
144 3247 203 3322 Qui
224 3266 278 3329 pro
290 3254 335 3311 tot
349 3246 430 3311 vitiis
443 3255 513 3311 suut
528 3265 581 3329 pro
596 3245 709 3311 ratione
722 3247 826 3313 iuandi
841 3273 847 3312 :

186 3351 289 3412 Presto
302 3352 394 3432 malos
406 3348 542 3414 homines
553 3347 701 3428 jusriaiare
713 3350 807 3414 donet.
