2504 4240
252 387 293 448 20
518 405 639 456 neruus
660 407 841 454 rrrrurrrsu

251 513 333 576 lutra
352 513 548 596 Parrhisium,
565 515 693 581 similem
708 535 776 596 quae
790 537 850 582 non
864 521 955 584 habet
974 521 1080 584 urbem
1095 541 1103 599 ;

296 618 465 700 (Turbone,
488 628 532 684 ῑοῑ
546 629 652 700 gentes
671 622 746 686 Villa
760 623 873 688 frisrrdu
888 624 984 707 tenet)

255 722 289 784 ln
304 718 402 802 plesse
415 724 542 788 ullarum
560 727 587 788 la
602 727 730 808 puyharu
745 729 875 792 solueret
889 727 969 807 illis;

295 826 401 891 Plures
415 826 550 892 denarios
564 844 672 906 guerre
687 829 790 892 tiraret
801 829 853 893 ibi.

256 933 321 996 Non
335 951 450 998 cessare
464 940 561 1014 potest
576 936 848 1020 unquamJantusia
864 945 986 1016 nostra,

299 1039 376 1101 Cum
390 1037 480 1119 videt,
495 1056 529 1102 ac
542 1038 625 1102 audit
641 1047 703 1104 lum
722 1049 785 1104 suta
800 1043 888 1106 verba
902 1041 996 1121 loqui.

259 1143 331 1204 Juro
345 1141 441 1204 Deum
455 1141 621 1220 Christum,
640 1140 720 1221 quud
735 1142 760 1204 si
778 1145 960 1207 marchasset
973 1145 1011 1208 ad
1024 1143 1111 1208 illam

299 1245 357 1307 Pro
375 1245 588 1327 burbolhandu,
605 1245 667 1310 sire
681 1247 811 1310 renardo
825 1264 956 1328 renum,

261 1345 366 1410 Solum
384 1345 495 1410 bellitri
512 1347 565 1426 qui
582 1348 739 1430 l'espitella
758 1351 948 1431 gubernant,

297 1449 337 1512 Et
351 1450 511 1513 cherehant
527 1450 638 1516 victum
650 1468 767 1532 semper
781 1469 882 1516 eruore
896 1451 949 1516 Dei
963 1502 970 1532 ,

259 1553 416 1618 Aussandu
428 1571 543 1618 crussas
558 1573 610 1635 pro
628 1554 739 1636 piquis‚
755 1572 838 1620 mure
851 1554 1028 1635 uolentum,

298 1659 443 1722 Bustunes
456 1658 547 1722 etiarn
561 1659 678 1738 quisue
698 1661 832 1724 membra
845 1667 954 1738 regunt
968 1681 975 1738 ;

260 1760 336 1822 Cum
350 1760 543 1839 berengueris
557 1768 587 1824 et
601 1760 709 1824 crossis
728 1779 837 1840 guerra
851 1760 956 1824 fuisset
971 1811 978 1841 ,

300 1865 343 1927 De
356 1871 417 1927 tres
431 1882 521 1942 grans
536 1883 624 1947 cupos
639 1864 766 1944 quisque
784 1863 912 1928 dedisset
930 1862 968 1927 ei.

263 1967 316 2030 Tul
332 1965 556 2048 charpiuassent
570 1968 656 2032 illurn
675 1986 727 2049 per
741 1986 848 2048 eorpus
862 1975 892 2033 et
910 1982 1020 2045 aures,

301 2071 409 2132 Nullus
427 2071 582 2136 barberius
600 2081 666 2154 post
685 2079 851 2153 reparasset
869 2087 949 2136 eum.

260 2177 421 2255 Promptus
434 2184 497 2238 erat
516 2183 593 2240 totas
609 2176 770 2257 Capitanus
788 2191 929 2256 rumpere
946 2191 1090 2250 erossas,

301 2278 340 2342 Et
357 2279 593 2344 l’estandardum
606 2286 707 2361 presto
721 2281 820 2342 levare
834 2294 935 2341 suum.

262 2383 301 2449 Sa
322 2399 483 2466 puyssansa
502 2390 583 2448 tenet
601 2384 647 2448 bis
665 2391 787 2449 eentum
802 2382 885 2447 mille
902 2381 1072 2463 quoquinps

303 2486 570 2568 Expelhandratus,
586 2495 616 2552 et
629 2489 706 2552 bene
719 2487 816 2552 nutrit
834 2505 884 2552 eus
897 2536 904 2567 ,

266 2590 324 2665 Qui
336 2598 408 2656 sunt
422 2593 575 2656 valhentes
593 2591 831 2656 contrafaciando
849 2591 1000 2670 ruaudus,

307 2694 465 2758 Cereautes
486 2711 605 2777 panem,
622 2713 701 2776 saepe
723 2692 863 2758 eridando
876 2692 983 2772 Deum.

267 2799 335 2862 Alla
349 2814 512 2881 campegna
531 2805 608 2861 tutus
622 2798 729 2861 sortire
748 2799 867 2862 volebat
882 2820 891 2871 :2

307 2900 388 2966 Nulli
401 2907 588 2984 reseampant
606 2918 682 2980 quus
695 2899 854 2965 belitralha
874 2902 962 2974 tuat,

266 3003 443 3069 Marchandu
463 3005 587 3087 pedites,
603 3013 796 3085 guerrassent
816 3007 930 3084 absque
946 2997 1066 3066 cavallis
1080 3020 1090 3078 ;

307 3107 449 3188 Vulnera,
465 3124 594 3186 eumque
607 3105 703 3189 plagis
723 3110 822 3172 ulcera
841 3107 937 3169 multa
951 3105 1062 3168 forent.

269 3205 316 3294 nli
329 3206 469 3272 fecissent
487 3207 595 3273 melius
608 3210 742 3274 bundare
755 3212 784 3274 la
803 3215 911 3273 testam
925 3256 932 3288 ‚

307 3310 402 3386 Qu'am
421 3310 528 3376 fauent
540 3313 683 3392 juvenes,
706 3310 825 3390 quando
839 3311 867 3374 la
882 3325 991 3391 pauma
1006 3309 1094 3390 valet.
