<?xml version="1.0" encoding="UTF-8"?>
<!DOCTYPE html PUBLIC "-//W3C//DTD XHTML 1.0 Transitional//EN"
    "http://www.w3.org/TR/xhtml1/DTD/xhtml1-transitional.dtd">
<html xmlns="http://www.w3.org/1999/xhtml" xml:lang="en" lang="en">
 <head>
  <title>
</title>
<meta http-equiv="Content-Type" content="text/html;charset=utf-8" />
  <meta name='ocr-system' content='tesseract 3.04.00' />
  <meta name='ocr-capabilities' content='ocr_page ocr_carea ocr_par ocr_line ocrx_word'/>
</head>
<body>
  <div class='ocr_page' id='page_1' title='image "./meygraentrepriz01bonagoog_0040.png"; bbox 0 0 2504 4240; ppageno 0'>
   <div class='ocr_carea' id='block_1_1' title="bbox 502 369 1016 428">
    <p class='ocr_par' dir='ltr' id='par_1_1' title="bbox 502 369 1016 428">
     <span class='ocr_line' id='line_1_1' title="bbox 502 369 1016 428; baseline 0.01 -5"><span class='ocrx_word' id='word_1_1' title='bbox 502 381 681 426; x_wconf 80' lang='lat' dir='ltr'>nnnsonnro.</span> <span class='ocrx_word' id='word_1_2' title='bbox 997 369 1016 428; x_wconf 80' lang='grc'>3</span> 
     </span>
    </p>
   </div>
   <div class='ocr_carea' id='block_1_2' title="bbox 161 489 1015 570">
    <p class='ocr_par' dir='ltr' id='par_1_2' title="bbox 161 489 1015 570">
     <span class='ocr_line' id='line_1_2' title="bbox 161 489 1015 570; baseline 0.011 -18"><span class='ocrx_word' id='word_1_3' title='bbox 161 489 255 555; x_wconf 82' lang='lat' dir='ltr'>tuerit</span> <span class='ocrx_word' id='word_1_4' title='bbox 269 507 341 556; x_wconf 87' lang='lat' dir='ltr'>oum</span> <span class='ocrx_word' id='word_1_5' title='bbox 359 490 475 570; x_wconf 82' lang='lat' dir='ltr'>ingenti</span> <span class='ocrx_word' id='word_1_6' title='bbox 489 499 518 556; x_wconf 87' lang='lat' dir='ltr'>et</span> <span class='ocrx_word' id='word_1_7' title='bbox 533 492 627 558; x_wconf 84' lang='lat' dir='ltr'>valido</span> <span class='ocrx_word' id='word_1_8' title='bbox 637 494 768 558; x_wconf 81' lang='lat' dir='ltr'>exercito</span> <span class='ocrx_word' id='word_1_9' title='bbox 781 503 914 562; x_wconf 83' lang='lat' dir='ltr'>nostram</span> <span class='ocrx_word' id='word_1_10' title='bbox 927 496 1015 560; x_wconf 80' lang='lat' dir='ltr'>invo-</span> 
     </span>
    </p>
   </div>
   <div class='ocr_carea' id='block_1_3' title="bbox 133 601 1016 3381">
    <p class='ocr_par' dir='ltr' id='par_1_3' title="bbox 133 601 1016 3381">
     <span class='ocr_line' id='line_1_3' title="bbox 158 601 1016 683; baseline 0 -17"><span class='ocrx_word' id='word_1_11' title='bbox 158 604 236 674; x_wconf 78' lang='lat' dir='ltr'>,dere</span> <span class='ocrx_word' id='word_1_12' title='bbox 247 601 446 681; x_wconf 80' lang='lat' dir='ltr'>Protineiem,</span> <span class='ocrx_word' id='word_1_13' title='bbox 462 608 491 666; x_wconf 88' lang='lat' dir='ltr'>et</span> <span class='ocrx_word' id='word_1_14' title='bbox 503 604 583 682; x_wconf 88' lang='lat' dir='ltr'>quod</span> <span class='ocrx_word' id='word_1_15' title='bbox 594 602 725 668; x_wconf 85' lang='lat' dir='ltr'>deterius</span> <span class='ocrx_word' id='word_1_16' title='bbox 745 609 814 683; x_wconf 87' lang='lat' dir='ltr'>est,</span> <span class='ocrx_word' id='word_1_17' title='bbox 838 621 870 670; x_wconf 86' lang='lat' dir='ltr'>se</span> <span class='ocrx_word' id='word_1_18' title='bbox 888 604 1016 683; x_wconf 77' lang='lat' dir='ltr'>J&#39;ootesse</span> 
     </span>
     <span class='ocr_line' id='line_1_4' title="bbox 159 706 1014 790; baseline 0.002 -19"><span class='ocrx_word' id='word_1_19' title='bbox 159 706 292 771; x_wconf 85' lang='lat' dir='ltr'><strong>Parisios</strong></span> <span class='ocrx_word' id='word_1_20' title='bbox 312 724 409 786; x_wconf 84' lang='lat' dir='ltr'>usque</span> <span class='ocrx_word' id='word_1_21' title='bbox 424 709 588 772; x_wconf 76' lang='lat' dir='ltr'>suasiones</span> <span class='ocrx_word' id='word_1_22' title='bbox 611 710 673 771; x_wconf 81' lang='lat' dir='ltr'>alas</span> <span class='ocrx_word' id='word_1_23' title='bbox 694 707 848 790; x_wconf 77' lang='lat' dir='ltr'>aquileae,</span> <span class='ocrx_word' id='word_1_24' title='bbox 873 708 1014 774; x_wconf 88' lang='lat' dir='ltr'>omnibus</span> 
     </span>
     <span class='ocr_line' id='line_1_5' title="bbox 158 810 1013 894; baseline 0.006 -20"><span class='ocrx_word' id='word_1_25' title='bbox 158 810 275 894; x_wconf 81' lang='lat' dir='ltr'>inritis,</span> <span class='ocrx_word' id='word_1_26' title='bbox 291 813 452 876; x_wconf 82' lang='lat' dir='ltr'>extendere</span> <span class='ocrx_word' id='word_1_27' title='bbox 465 814 552 876; x_wconf 73' lang='lat' dir='ltr'>velle.</span> <span class='ocrx_word' id='word_1_28' title='bbox 577 813 636 876; x_wconf 87' lang='lat' dir='ltr'>Sed</span> <span class='ocrx_word' id='word_1_29' title='bbox 647 830 684 876; x_wconf 85' lang='lat' dir='ltr'>ex</span> <span class='ocrx_word' id='word_1_30' title='bbox 698 815 758 878; x_wconf 84' lang='lat' dir='ltr'>olto</span> <span class='ocrx_word' id='word_1_31' title='bbox 774 862 780 893; x_wconf 89' lang='lat'>,</span> <span class='ocrx_word' id='word_1_32' title='bbox 796 831 866 878; x_wconf 81' lang='lat' dir='ltr'><strong>casu</strong></span> <span class='ocrx_word' id='word_1_33' title='bbox 885 813 1013 879; x_wconf 84' lang='lat' dir='ltr'>irreme-</span> 
     </span>
     <span class='ocr_line' id='line_1_6' title="bbox 158 914 1013 998; baseline 0.002 -19"><span class='ocrx_word' id='word_1_34' title='bbox 158 914 262 979; x_wconf 86' lang='lat' dir='ltr'>diabili</span> <span class='ocrx_word' id='word_1_35' title='bbox 280 914 404 994; x_wconf 79' lang='lat' dir='ltr'>corruit,</span> <span class='ocrx_word' id='word_1_36' title='bbox 418 914 471 994; x_wconf 89' lang='lat' dir='ltr'>qui</span> <span class='ocrx_word' id='word_1_37' title='bbox 489 917 587 979; x_wconf 72' lang='lat' dir='ltr'>volare</span> <span class='ocrx_word' id='word_1_38' title='bbox 601 915 710 995; x_wconf 75' lang='lat' dir='ltr'>sategit</span> <span class='ocrx_word' id='word_1_39' title='bbox 721 924 882 996; x_wconf 80' lang='lat' dir='ltr'>antequem</span> <span class='ocrx_word' id='word_1_40' title='bbox 897 934 1013 998; x_wconf 79' lang='lat' dir='ltr'>pennas</span> 
     </span>
     <span class='ocr_line' id='line_1_7' title="bbox 156 1017 1011 1100; baseline 0.004 -19"><span class='ocrx_word' id='word_1_41' title='bbox 156 1025 305 1082; x_wconf 86' lang='lat' dir='ltr'>assumat.</span> <span class='ocrx_word' id='word_1_42' title='bbox 322 1017 423 1098; x_wconf 88' lang='lat' dir='ltr'>lnquit</span> <span class='ocrx_word' id='word_1_43' title='bbox 438 1018 519 1082; x_wconf 84' lang='lat' dir='ltr'>enim</span> <span class='ocrx_word' id='word_1_44' title='bbox 533 1020 600 1082; x_wconf 81' lang='lat' dir='ltr'>fons</span> <span class='ocrx_word' id='word_1_45' title='bbox 611 1021 791 1098; x_wconf 82' lang='lat' dir='ltr'>eloquent&#39;rae</span> <span class='ocrx_word' id='word_1_46' title='bbox 805 1019 918 1100; x_wconf 85' lang='lat' dir='ltr'>Cicero,</span> <span class='ocrx_word' id='word_1_47' title='bbox 933 1019 1011 1084; x_wconf 89' lang='lat' dir='ltr'>ineo</span> 
     </span>
     <span class='ocr_line' id='line_1_8' title="bbox 155 1120 1009 1202; baseline 0.007 -20"><span class='ocrx_word' id='word_1_48' title='bbox 155 1120 235 1184; x_wconf 85' lang='lat' dir='ltr'>libro</span> <span class='ocrx_word' id='word_1_49' title='bbox 245 1138 337 1199; x_wconf 86' lang='lat' dir='ltr'>quern</span> <span class='ocrx_word' id='word_1_50' title='bbox 352 1121 518 1202; x_wconf 79' lang='lat' dir='ltr'>composuit</span> <span class='ocrx_word' id='word_1_51' title='bbox 536 1123 573 1185; x_wconf 88' lang='lat' dir='ltr'>de</span> <span class='ocrx_word' id='word_1_52' title='bbox 585 1129 756 1186; x_wconf 81' lang='lat' dir='ltr'>senectute:</span> <span class='ocrx_word' id='word_1_53' title='bbox 775 1125 846 1184; x_wconf 77' lang='lat' dir='ltr'>Non</span> <span class='ocrx_word' id='word_1_54' title='bbox 859 1125 983 1188; x_wconf 78' lang='lat' dir='ltr'>viribus</span> <span class='ocrx_word' id='word_1_55' title='bbox 998 1170 1009 1199; x_wconf 86' lang='lat'><em>‚</em></span> 
     </span>
     <span class='ocr_line' id='line_1_9' title="bbox 153 1224 1007 1306; baseline 0.005 -23"><span class='ocrx_word' id='word_1_56' title='bbox 153 1229 214 1284; x_wconf 80' lang='lat' dir='ltr'>out</span> <span class='ocrx_word' id='word_1_57' title='bbox 227 1224 406 1299; x_wconf 82' lang='lat' dir='ltr'>velocitate,</span> <span class='ocrx_word' id='word_1_58' title='bbox 422 1231 479 1286; x_wconf 83' lang='lat' dir='ltr'>aut</span> <span class='ocrx_word' id='word_1_59' title='bbox 489 1224 654 1286; x_wconf 77' lang='lat' dir='ltr'>celeritate</span> <span class='ocrx_word' id='word_1_60' title='bbox 667 1226 812 1304; x_wconf 75' lang='lat' dir='ltr'>corporis</span> <span class='ocrx_word' id='word_1_61' title='bbox 821 1243 873 1288; x_wconf 81' lang='lat' dir='ltr'>rer</span> <span class='ocrx_word' id='word_1_62' title='bbox 886 1243 1007 1306; x_wconf 71' lang='lat' dir='ltr'>moyoae</span> 
     </span>
     <span class='ocr_line' id='line_1_10' title="bbox 153 1326 1007 1407; baseline 0.006 -20"><span class='ocrx_word' id='word_1_63' title='bbox 153 1333 334 1406; x_wconf 60' lang='lat' dir='ltr'>norontem</span> <span class='ocrx_word' id='word_1_64' title='bbox 348 1326 404 1390; x_wconf 78' lang='lat' dir='ltr'>red</span> <span class='ocrx_word' id='word_1_65' title='bbox 430 1328 587 1407; x_wconf 80' lang='lat' dir='ltr'>consilio,</span> <span class='ocrx_word' id='word_1_66' title='bbox 610 1329 800 1392; x_wconf 81' lang='lat' dir='ltr'>auctoritate</span> <span class='ocrx_word' id='word_1_67' title='bbox 819 1335 849 1390; x_wconf 85' lang='lat' dir='ltr'>ot</span> <span class='ocrx_word' id='word_1_68' title='bbox 863 1329 1007 1392; x_wconf 75' lang='lat' dir='ltr'>scientio.</span> 
     </span>
     <span class='ocr_line' id='line_1_11' title="bbox 151 1432 1002 1514; baseline -0.005 -15"><span class='ocrx_word' id='word_1_69' title='bbox 151 1435 192 1500; x_wconf 82' lang='lat' dir='ltr'>Ul</span> <span class='ocrx_word' id='word_1_70' title='bbox 206 1432 297 1497; x_wconf 83' lang='lat' dir='ltr'>etiem</span> <span class='ocrx_word' id='word_1_71' title='bbox 308 1432 406 1512; x_wconf 85' lang='lat' dir='ltr'>inquit</span> <span class='ocrx_word' id='word_1_72' title='bbox 420 1451 529 1497; x_wconf 85' lang='lat' dir='ltr'>aureus</span> <span class='ocrx_word' id='word_1_73' title='bbox 539 1439 641 1498; x_wconf 84' lang='lat' dir='ltr'>tentus</span> <span class='ocrx_word' id='word_1_74' title='bbox 659 1435 690 1498; x_wconf 89' lang='lat' dir='ltr'>in</span> <span class='ocrx_word' id='word_1_75' title='bbox 708 1437 775 1514; x_wconf 79' lang='lat' dir='ltr'>lege</span> <span class='ocrx_word' id='word_1_76' title='bbox 784 1435 921 1498; x_wconf 81' lang='lat' dir='ltr'><strong><em>Dubium</em></strong></span> <span class='ocrx_word' id='word_1_77' title='bbox 931 1433 1002 1496; x_wconf 74' lang='lat' dir='ltr'>(lod.</span> 
     </span>
     <span class='ocr_line' id='line_1_12' title="bbox 151 1535 1006 1616; baseline -0.002 -16"><span class='ocrx_word' id='word_1_78' title='bbox 151 1535 368 1616; x_wconf 78' lang='lat' dir='ltr'>deropndit&#39;o:</span> <span class='ocrx_word' id='word_1_79' title='bbox 378 1538 449 1598; x_wconf 77' lang='lat' dir='ltr'>Noe</span> <span class='ocrx_word' id='word_1_80' title='bbox 464 1536 594 1600; x_wconf 80' lang='lat' dir='ltr'><strong><em>dubium</em></strong></span> <span class='ocrx_word' id='word_1_81' title='bbox 609 1545 656 1600; x_wconf 84' lang='lat' dir='ltr'>est</span> <span class='ocrx_word' id='word_1_82' title='bbox 670 1539 778 1600; x_wconf 82' lang='lat' dir='ltr'>omnia</span> <span class='ocrx_word' id='word_1_83' title='bbox 792 1538 920 1600; x_wconf 83' lang='lat' dir='ltr'>omnino</span> <span class='ocrx_word' id='word_1_84' title='bbox 935 1555 1006 1616; x_wconf 74' lang='lat' dir='ltr'>qno</span> 
     </span>
     <span class='ocr_line' id='line_1_13' title="bbox 149 1637 1003 1720; baseline -0.002 -18"><span class='ocrx_word' id='word_1_85' title='bbox 149 1641 285 1702; x_wconf 81' lang='lat' dir='ltr'>oonsilio</span> <span class='ocrx_word' id='word_1_86' title='bbox 299 1641 381 1702; x_wconf 74' lang='lat' dir='ltr'>recte</span> <span class='ocrx_word' id='word_1_87' title='bbox 401 1647 560 1720; x_wconf 74' lang='lat' dir='ltr'>qoruotur</span> <span class='ocrx_word' id='word_1_88' title='bbox 572 1689 579 1720; x_wconf 93' lang='lat'>,</span> <span class='ocrx_word' id='word_1_89' title='bbox 591 1639 668 1720; x_wconf 79' lang='lat' dir='ltr'>jure</span> <span class='ocrx_word' id='word_1_90' title='bbox 682 1641 877 1720; x_wconf 78' lang='lat' dir='ltr'>meritoque,</span> <span class='ocrx_word' id='word_1_91' title='bbox 894 1637 1003 1718; x_wconf 76' lang='lat' dir='ltr'>effectu</span> 
     </span>
     <span class='ocr_line' id='line_1_14' title="bbox 148 1711 1003 1824; baseline -0.005 -18"><span class='ocrx_word' id='word_1_92' title='bbox 148 1752 182 1806; x_wconf 82' lang='lat' dir='ltr'>et</span> <span class='ocrx_word' id='word_1_93' title='bbox 196 1744 352 1824; x_wconf 78' lang='lat' dir='ltr'>firmitate</span> <span class='ocrx_word' id='word_1_94' title='bbox 365 1711 439 1806; x_wconf 51' lang='lat' dir='ltr'>ortt.</span> <span class='ocrx_word' id='word_1_95' title='bbox 454 1743 576 1806; x_wconf 87' lang='lat' dir='ltr'>Nullam</span> <span class='ocrx_word' id='word_1_96' title='bbox 590 1741 661 1808; x_wconf 77' lang='lat' dir='ltr'>sane</span> <span class='ocrx_word' id='word_1_97' title='bbox 676 1742 821 1806; x_wconf 86' lang='lat' dir='ltr'>rationem</span> <span class='ocrx_word' id='word_1_98' title='bbox 833 1740 934 1822; x_wconf 82' lang='lat' dir='ltr'>ipsum</span> <span class='ocrx_word' id='word_1_99' title='bbox 946 1757 1003 1802; x_wconf 90' lang='lat' dir='ltr'>ur-</span> 
     </span>
     <span class='ocr_line' id='line_1_15' title="bbox 148 1843 1003 1928; baseline -0.002 -18"><span class='ocrx_word' id='word_1_100' title='bbox 148 1855 275 1926; x_wconf 83' lang='lat' dir='ltr'>gentem</span> <span class='ocrx_word' id='word_1_101' title='bbox 289 1848 325 1910; x_wconf 91' lang='lat' dir='ltr'>de</span> <span class='ocrx_word' id='word_1_102' title='bbox 342 1848 410 1926; x_wconf 82' lang='lat' dir='ltr'>J&#39;nre</span> <span class='ocrx_word' id='word_1_103' title='bbox 424 1846 554 1928; x_wconf 82' lang='lat' dir='ltr'>reperire</span> <span class='ocrx_word' id='word_1_104' title='bbox 566 1854 677 1926; x_wconf 85' lang='lat' dir='ltr'>posset,</span> <span class='ocrx_word' id='word_1_105' title='bbox 691 1845 750 1926; x_wconf 69' lang='lat' dir='ltr'>qno</span> <span class='ocrx_word' id='word_1_106' title='bbox 761 1844 878 1910; x_wconf 84' lang='lat' dir='ltr'>tinuerit</span> <span class='ocrx_word' id='word_1_107' title='bbox 889 1843 917 1909; x_wconf 85' lang='lat' dir='ltr'>ei</span> <span class='ocrx_word' id='word_1_108' title='bbox 931 1862 1003 1923; x_wconf 80' lang='lat' dir='ltr'>reg-</span> 
     </span>
     <span class='ocr_line' id='line_1_16' title="bbox 145 1945 1000 2025; baseline -0.006 -11"><span class='ocrx_word' id='word_1_109' title='bbox 145 1967 223 2014; x_wconf 85' lang='lat' dir='ltr'>num</span> <span class='ocrx_word' id='word_1_110' title='bbox 242 1946 531 2013; x_wconf 81' lang='lat' dir='ltr'>christianissimum</span> <span class='ocrx_word' id='word_1_111' title='bbox 546 1948 699 2012; x_wconf 77' lang='lat' dir='ltr'>Gallorum</span> <span class='ocrx_word' id='word_1_112' title='bbox 722 1945 824 2010; x_wconf 87' lang='lat' dir='ltr'>hostili</span> <span class='ocrx_word' id='word_1_113' title='bbox 845 1963 927 2010; x_wconf 89' lang='lat' dir='ltr'>more</span> <span class='ocrx_word' id='word_1_114' title='bbox 943 1963 1000 2025; x_wconf 84' lang='lat' dir='ltr'>ag-</span> 
     </span>
     <span class='ocr_line' id='line_1_17' title="bbox 143 2049 1006 2133; baseline 0 -17"><span class='ocrx_word' id='word_1_115' title='bbox 143 2053 240 2133; x_wconf 78' lang='lat' dir='ltr'>gredi.</span> <span class='ocrx_word' id='word_1_116' title='bbox 264 2053 341 2116; x_wconf 83' lang='lat' dir='ltr'>Nam</span> <span class='ocrx_word' id='word_1_117' title='bbox 355 2050 426 2116; x_wconf 84' lang='lat' dir='ltr'>licet</span> <span class='ocrx_word' id='word_1_118' title='bbox 440 2051 605 2130; x_wconf 80' lang='lat' dir='ltr'>Imperator</span> <span class='ocrx_word' id='word_1_119' title='bbox 615 2050 852 2116; x_wconf 79' lang='lat' dir='ltr'>Christianorum</span> <span class='ocrx_word' id='word_1_120' title='bbox 865 2049 904 2114; x_wconf 90' lang='lat' dir='ltr'>sit</span> <span class='ocrx_word' id='word_1_121' title='bbox 919 2052 1006 2116; x_wconf 83' lang='lat' dir='ltr'>solus.</span> 
     </span>
     <span class='ocr_line' id='line_1_18' title="bbox 142 2137 996 2238; baseline -0.002 -17"><span class='ocrx_word' id='word_1_122' title='bbox 142 2157 251 2222; x_wconf 82' lang='lat' dir='ltr'>mundi</span> <span class='ocrx_word' id='word_1_123' title='bbox 268 2156 435 2235; x_wconf 85' lang='lat' dir='ltr'>Dominus,</span> <span class='ocrx_word' id='word_1_124' title='bbox 456 2173 508 2235; x_wconf 81' lang='lat' dir='ltr'>per</span> <span class='ocrx_word' id='word_1_125' title='bbox 523 2162 642 2222; x_wconf 81' lang='lat' dir='ltr'>tentum</span> <span class='ocrx_word' id='word_1_126' title='bbox 656 2155 687 2220; x_wconf 89' lang='lat' dir='ltr'>in</span> <span class='ocrx_word' id='word_1_127' title='bbox 703 2157 783 2235; x_wconf 79' lang='lat' dir='ltr'>Lege</span> <span class='ocrx_word' id='word_1_128' title='bbox 794 2137 996 2238; x_wconf 76' lang='lat' dir='ltr'>Deprecatio.</span> 
     </span>
     <span class='ocr_line' id='line_1_19' title="bbox 141 2261 998 2344; baseline -0.006 -15"><span class='ocrx_word' id='word_1_129' title='bbox 141 2267 174 2329; x_wconf 77' lang='lat' dir='ltr'>ff.</span> <span class='ocrx_word' id='word_1_130' title='bbox 196 2263 239 2325; x_wconf 83' lang='lat' dir='ltr'>ad</span> <span class='ocrx_word' id='word_1_131' title='bbox 252 2264 353 2344; x_wconf 67' lang='lat' dir='ltr'>lenem</span> <span class='ocrx_word' id='word_1_132' title='bbox 367 2261 522 2324; x_wconf 77' lang='lat' dir='ltr'>Rhodiam</span> <span class='ocrx_word' id='word_1_133' title='bbox 537 2261 575 2324; x_wconf 82' lang='lat' dir='ltr'>de</span> <span class='ocrx_word' id='word_1_134' title='bbox 585 2261 699 2342; x_wconf 72' lang='lat' dir='ltr'>jactu:</span> <span class='ocrx_word' id='word_1_135' title='bbox 719 2281 779 2328; x_wconf 85' lang='lat' dir='ltr'>non</span> <span class='ocrx_word' id='word_1_136' title='bbox 797 2269 896 2328; x_wconf 81' lang='lat' dir='ltr'>tamen</span> <span class='ocrx_word' id='word_1_137' title='bbox 906 2264 998 2328; x_wconf 84' lang='lat' dir='ltr'>habet</span> 
     </span>
     <span class='ocr_line' id='line_1_20' title="bbox 141 2362 996 2448; baseline -0.005 -16"><span class='ocrx_word' id='word_1_138' title='bbox 141 2365 326 2448; x_wconf 85' lang='lat' dir='ltr'>imperium,</span> <span class='ocrx_word' id='word_1_139' title='bbox 349 2363 411 2428; x_wconf 86' lang='lat' dir='ltr'>sive</span> <span class='ocrx_word' id='word_1_140' title='bbox 429 2362 667 2442; x_wconf 82' lang='lat' dir='ltr'>jnrisdiotionem</span> <span class='ocrx_word' id='word_1_141' title='bbox 690 2383 743 2444; x_wconf 88' lang='lat' dir='ltr'>per</span> <span class='ocrx_word' id='word_1_142' title='bbox 768 2381 873 2430; x_wconf 90' lang='lat' dir='ltr'>omnes</span> <span class='ocrx_word' id='word_1_143' title='bbox 897 2372 996 2446; x_wconf 81' lang='lat' dir='ltr'>partes</span> 
     </span>
     <span class='ocr_line' id='line_1_21' title="bbox 140 2466 996 2548; baseline -0.007 -12"><span class='ocrx_word' id='word_1_144' title='bbox 140 2469 266 2547; x_wconf 87' lang='lat' dir='ltr'>mnndi;</span> <span class='ocrx_word' id='word_1_145' title='bbox 283 2467 397 2532; x_wconf 80' lang='lat' dir='ltr'>seilicet</span> <span class='ocrx_word' id='word_1_146' title='bbox 416 2467 468 2531; x_wconf 87' lang='lat' dir='ltr'>uhi</span> <span class='ocrx_word' id='word_1_147' title='bbox 483 2485 543 2532; x_wconf 93' lang='lat' dir='ltr'>non</span> <span class='ocrx_word' id='word_1_148' title='bbox 564 2474 636 2533; x_wconf 88' lang='lat' dir='ltr'>sunt</span> <span class='ocrx_word' id='word_1_149' title='bbox 654 2466 756 2548; x_wconf 85' lang='lat' dir='ltr'>populi</span> <span class='ocrx_word' id='word_1_150' title='bbox 768 2467 887 2547; x_wconf 74' lang='lat' dir='ltr'>devicti,</span> <span class='ocrx_word' id='word_1_151' title='bbox 901 2469 948 2530; x_wconf 84' lang='lat' dir='ltr'>vol</span> <span class='ocrx_word' id='word_1_152' title='bbox 959 2467 996 2530; x_wconf 86' lang='lat' dir='ltr'>de</span> 
     </span>
     <span class='ocr_line' id='line_1_22' title="bbox 140 2567 994 2650; baseline -0.006 -13"><span class='ocrx_word' id='word_1_153' title='bbox 140 2567 221 2640; x_wconf 80' lang='lat' dir='ltr'>fanto</span> <span class='ocrx_word' id='word_1_154' title='bbox 229 2572 302 2636; x_wconf 68' lang='lat' dir='ltr'>alito</span> <span class='ocrx_word' id='word_1_155' title='bbox 313 2569 479 2650; x_wconf 79' lang='lat' dir='ltr'>subjugati.</span> <span class='ocrx_word' id='word_1_156' title='bbox 495 2570 577 2634; x_wconf 83' lang='lat' dir='ltr'>Facit</span> <span class='ocrx_word' id='word_1_157' title='bbox 587 2571 650 2635; x_wconf 84' lang='lat' dir='ltr'>Lex</span> <span class='ocrx_word' id='word_1_158' title='bbox 662 2573 673 2631; x_wconf 84' lang='lat' dir='ltr'>t</span> <span class='ocrx_word' id='word_1_159' title='bbox 685 2617 691 2632; x_wconf 93' lang='lat'><strong>.</strong></span> <span class='ocrx_word' id='word_1_160' title='bbox 705 2571 738 2632; x_wconf 84' lang='lat' dir='ltr'>ff.</span> <span class='ocrx_word' id='word_1_161' title='bbox 752 2570 790 2632; x_wconf 81' lang='lat' dir='ltr'>de</span> <span class='ocrx_word' id='word_1_162' title='bbox 800 2570 994 2650; x_wconf 22' lang='lat' dir='ltr'>*acquirendo</span> 
     </span>
     <span class='ocr_line' id='line_1_23' title="bbox 137 2670 995 2756; baseline -0.01 -13"><span class='ocrx_word' id='word_1_163' title='bbox 137 2697 252 2743; x_wconf 78' lang='lat' dir='ltr'>rerum</span> <span class='ocrx_word' id='word_1_164' title='bbox 265 2676 423 2756; x_wconf 74' lang='lat' dir='ltr'>Dominio,</span> <span class='ocrx_word' id='word_1_165' title='bbox 439 2674 491 2739; x_wconf 90' lang='lat' dir='ltr'>nbi</span> <span class='ocrx_word' id='word_1_166' title='bbox 506 2682 639 2754; x_wconf 83' lang='lat' dir='ltr'>notatur,</span> <span class='ocrx_word' id='word_1_167' title='bbox 656 2672 872 2753; x_wconf 76' lang='lat' dir='ltr'>quodquidam</span> <span class='ocrx_word' id='word_1_168' title='bbox 892 2670 995 2736; x_wconf 85' lang='lat' dir='ltr'>horni-</span> 
     </span>
     <span class='ocr_line' id='line_1_24' title="bbox 138 2773 994 2860; baseline -0.013 -13"><span class='ocrx_word' id='word_1_169' title='bbox 138 2799 195 2846; x_wconf 88' lang='lat' dir='ltr'>nes</span> <span class='ocrx_word' id='word_1_170' title='bbox 205 2787 276 2844; x_wconf 88' lang='lat' dir='ltr'>sunt</span> <span class='ocrx_word' id='word_1_171' title='bbox 289 2779 368 2842; x_wconf 84' lang='lat' dir='ltr'>intra&#39;</span> <span class='ocrx_word' id='word_1_172' title='bbox 382 2778 544 2860; x_wconf 73' lang='lat' dir='ltr'>imperinm</span> <span class='ocrx_word' id='word_1_173' title='bbox 558 2827 565 2857; x_wconf 92' lang='lat'>,</span> <span class='ocrx_word' id='word_1_174' title='bbox 582 2777 703 2857; x_wconf 83' lang='lat' dir='ltr'>qnidam</span> <span class='ocrx_word' id='word_1_175' title='bbox 714 2783 798 2840; x_wconf 82' lang='lat' dir='ltr'>extra</span> <span class='ocrx_word' id='word_1_176' title='bbox 810 2797 816 2838; x_wconf 93' lang='lat'>:</span> <span class='ocrx_word' id='word_1_177' title='bbox 830 2781 863 2840; x_wconf 90' lang='lat' dir='ltr'>et</span> <span class='ocrx_word' id='word_1_178' title='bbox 877 2773 908 2836; x_wconf 90' lang='lat' dir='ltr'>in</span> <span class='ocrx_word' id='word_1_179' title='bbox 923 2791 994 2838; x_wconf 86' lang='lat' dir='ltr'>oon-</span> 
     </span>
     <span class='ocr_line' id='line_1_25' title="bbox 137 2879 992 2962; baseline -0.009 -10"><span class='ocrx_word' id='word_1_180' title='bbox 137 2885 346 2952; x_wconf 83' lang='lat' dir='ltr'>stitution&#39;mus</span> <span class='ocrx_word' id='word_1_181' title='bbox 357 2884 388 2946; x_wconf 90' lang='lat' dir='ltr'>in</span> <span class='ocrx_word' id='word_1_182' title='bbox 404 2881 521 2948; x_wconf 70' lang='lat' dir='ltr'>rubrioo</span> <span class='ocrx_word' id='word_1_183' title='bbox 535 2885 567 2948; x_wconf 78' lang='lat' dir='ltr'>ff.</span> <span class='ocrx_word' id='word_1_184' title='bbox 581 2881 635 2945; x_wconf 86' lang='lat' dir='ltr'>ubi</span> <span class='ocrx_word' id='word_1_185' title='bbox 648 2888 780 2962; x_wconf 83' lang='lat' dir='ltr'>notatur,</span> <span class='ocrx_word' id='word_1_186' title='bbox 797 2879 876 2959; x_wconf 85' lang='lat' dir='ltr'>qnod</span> <span class='ocrx_word' id='word_1_187' title='bbox 896 2881 992 2962; x_wconf 84' lang='lat' dir='ltr'>Impe-</span> 
     </span>
     <span class='ocr_line' id='line_1_26' title="bbox 134 2984 990 3069; baseline -0.005 -15"><span class='ocrx_word' id='word_1_188' title='bbox 134 2995 222 3054; x_wconf 78' lang='lat' dir='ltr'>rator</span> <span class='ocrx_word' id='word_1_189' title='bbox 230 2987 358 3069; x_wconf 76' lang='lat' dir='ltr'>imperet</span> <span class='ocrx_word' id='word_1_190' title='bbox 370 2986 507 3065; x_wconf 84' lang='lat' dir='ltr'>subditis;</span> <span class='ocrx_word' id='word_1_191' title='bbox 518 2985 604 3066; x_wconf 85' lang='lat' dir='ltr'>quasi</span> <span class='ocrx_word' id='word_1_192' title='bbox 613 2985 703 3062; x_wconf 84' lang='lat' dir='ltr'>dieat,</span> <span class='ocrx_word' id='word_1_193' title='bbox 717 2999 777 3048; x_wconf 86' lang='lat' dir='ltr'>non</span> <span class='ocrx_word' id='word_1_194' title='bbox 792 2984 919 3048; x_wconf 88' lang='lat' dir='ltr'>subditis</span> <span class='ocrx_word' id='word_1_195' title='bbox 929 3003 990 3050; x_wconf 91' lang='lat' dir='ltr'>non</span> 
     </span>
     <span class='ocr_line' id='line_1_27' title="bbox 133 3087 988 3174; baseline -0.005 -18"><span class='ocrx_word' id='word_1_196' title='bbox 133 3093 275 3174; x_wconf 79' lang='lat' dir='ltr'>imporat,</span> <span class='ocrx_word' id='word_1_197' title='bbox 287 3109 341 3156; x_wconf 88' lang='lat' dir='ltr'>neo</span> <span class='ocrx_word' id='word_1_198' title='bbox 352 3091 384 3154; x_wconf 89' lang='lat' dir='ltr'>in</span> <span class='ocrx_word' id='word_1_199' title='bbox 393 3089 673 3168; x_wconf 81' lang='lat' dir='ltr'>eishabeteliquom</span> <span class='ocrx_word' id='word_1_200' title='bbox 683 3087 930 3168; x_wconf 70' lang='lat' dir='ltr'>jurisdictionem.</span> <span class='ocrx_word' id='word_1_201' title='bbox 945 3091 988 3152; x_wconf 87' lang='lat' dir='ltr'>Ito</span> 
     </span>
     <span class='ocr_line' id='line_1_28' title="bbox 133 3189 988 3264; baseline -0.008 -3"><span class='ocrx_word' id='word_1_202' title='bbox 133 3197 225 3262; x_wconf 80' lang='lat' dir='ltr'>otiam</span> <span class='ocrx_word' id='word_1_203' title='bbox 232 3199 340 3260; x_wconf 84' lang='lat' dir='ltr'>Petrus</span> <span class='ocrx_word' id='word_1_204' title='bbox 351 3193 451 3260; x_wconf 65' lang='lat' dir='ltr'>iacobi</span> <span class='ocrx_word' id='word_1_205' title='bbox 462 3193 491 3258; x_wconf 86' lang='lat' dir='ltr'>in</span> <span class='ocrx_word' id='word_1_206' title='bbox 506 3191 568 3256; x_wconf 86' lang='lat' dir='ltr'>suis</span> <span class='ocrx_word' id='word_1_207' title='bbox 579 3191 698 3264; x_wconf 78' lang='lat' dir='ltr'>libelljs.</span> <span class='ocrx_word' id='word_1_208' title='bbox 709 3190 748 3254; x_wconf 86' lang='lat' dir='ltr'>Et</span> <span class='ocrx_word' id='word_1_209' title='bbox 761 3189 887 3254; x_wconf 73' lang='lat' dir='ltr'>ulterios</span> <span class='ocrx_word' id='word_1_210' title='bbox 901 3209 988 3254; x_wconf 79' lang='lat' dir='ltr'>sanc-</span> 
     </span>
     <span class='ocr_line' id='line_1_29' title="bbox 133 3292 986 3381; baseline -0.009 -18"><span class='ocrx_word' id='word_1_211' title='bbox 133 3299 246 3381; x_wconf 76' lang='lat' dir='ltr'>tissimi</span> <span class='ocrx_word' id='word_1_212' title='bbox 255 3301 355 3380; x_wconf 73' lang='lat' dir='ltr'>Panno,</span> <span class='ocrx_word' id='word_1_213' title='bbox 368 3300 575 3380; x_wconf 53' lang='lat' dir='ltr'>Imperatorem</span> <span class='ocrx_word' id='word_1_214' title='bbox 590 3296 699 3379; x_wconf 65' lang='lat' dir='ltr'>Prognes,⁴</span> <span class='ocrx_word' id='word_1_215' title='bbox 714 3292 783 3358; x_wconf 78' lang='lat' dir='ltr'>cnm</span> <span class='ocrx_word' id='word_1_216' title='bbox 795 3303 986 3374; x_wconf 80' lang='lat' dir='ltr'>coronantur,</span> 
     </span>
    </p>
   </div>
   <div class='ocr_carea' id='block_1_4' title="bbox 0 0 1256 4240">
    <p class='ocr_par' dir='ltr' id='par_1_4' title="bbox 0 0 1256 4240">
     <span class='ocr_line' id='line_1_30' title="bbox 0 0 1256 4240; baseline 0 12"><span class='ocrx_word' id='word_1_217' title='bbox 0 0 1256 4240; x_wconf 95' lang='lat' dir='ltr'> </span> 
     </span>
    </p>
   </div>
  </div>
 </body>
</html>
