2538 4224
423 460 578 513 carutium
600 461 808 508 rurunnrorrs.
991 449 1030 508 tu

177 571 233 634 llic
243 566 330 633 nohis
342 571 481 650 exempla
496 568 576 633 dedit
590 571 666 634 hene
685 571 783 634 there
796 572 929 652 mundo,

214 673 397 736 Gendarmas
411 671 511 736 docuit
525 671 715 752 guerregrare
727 674 815 737 hene.

173 776 359 844 Antichristo
374 777 437 838 rale
451 777 487 839 de
502 777 590 856 heva,
607 777 719 852 grande
732 779 864 842 Proteeta
879 829 886 860 ,

212 881 259 942 lde
274 879 390 942 tristem
405 881 529 961 layssas,
546 896 613 942 sum
628 879 790 943 moriturus
804 899 870 958 ego.

173 987 299 1065 Semper
313 983 370 1048 erit
383 991 485 1047 tecum
500 967 566 1048 mea
579 999 664 1047 mens
677 992 707 1046 et
721 992 782 1048 tota
795 987 952 1068 voluntas,

171 1122 174 1127 ·
211 1090 374 1166 Nunquam
389 1087 538 1168 perlectus
553 1093 653 1150 noster
667 1087 758 1150 ahihit
772 1105 866 1152 amor.

170 1188 203 1252 Si
217 1188 371 1252 lachrimis
384 1187 495 1251 iterum
510 1197 610 1268 posset
624 1197 675 1252 tua
690 1189 749 1252 rita
764 1190 870 1253 reverti
884 1239 891 1271 ‚

211 1302 269 1368 (ff
281 1296 369 1374 Leva,
387 1313 469 1358 nune
483 1293 634 1358 lachrimis
648 1293 747 1358 omnia
762 1297 849 1375 plena
863 1297 961 1358 forent
976 1319 982 1357 :

172 1399 233 1465 Sed
248 1399 317 1478 quia
332 1418 392 1463 non
404 1407 531 1482 possunt
544 1398 673 1462 crudelia
687 1399 747 1462 fata
761 1399 891 1480 moueri,

210 1504 344 1567 Gaudeat
356 1503 388 1566 in
404 1503 487 1568 coelis
500 1519 622 1582 nomeu,
638 1508 668 1565 et
681 1504 789 1564 umbra
801 1509 863 1564 tua.

138 1626 140 1629 ·
172 1607 296 1669 Certum
309 1612 354 1670 cst
366 1605 396 1668 in
408 1605 521 1670 cineres
535 1623 643 1686 corpus
661 1607 786 1667 mortale
797 1603 924 1682 reuerti,

210 1707 268 1771 Sed
281 1714 381 1770 tamen
393 1715 524 1770 aeternus
536 1725 596 1770 non
611 1705 667 1768 erit
679 1705 729 1768 ille
744 1722 831 1784 sopor
846 1728 852 1767 :

169 1809 248 1872 Sunt
260 1809 370 1872 iterum
381 1816 493 1872 nostrae
506 1809 648 1872 rediturae
664 1807 695 1870 in
708 1826 830 1888 corpora
846 1807 933 1886 sitae,

209 1920 267 1985 o?
277 1913 469 1991 Membraque
481 1911 631 1992 juncturis
645 1910 826 1976 restituenda
840 1911 913 1974 suis.

168 2017 264 2078 lanne
275 2013 394 2095 ginone,
411 2021 500 2076 tuum
514 2014 624 2076 Levam
639 2016 792 2096 ploraque,
806 2017 921 2096 replora
935 2064 942 2094 ,

209 2117 267 2192 Qui
280 2117 336 2182 tibi
347 2117 511 2196 coragium,
525 2115 741 2196 consiliumque
752 2119 839 2182 dabat
854 2141 860 2180 :

168 2223 292 2300 Plange‚
304 2237 360 2284 nec
372 2239 387 2284 a
397 2219 549 2284 lachrimis
558 2235 692 2299 unquam
703 2227 753 2284 tua
762 2223 876 2286 lumina
886 2227 1020 2288 cessent:

210 2321 361 2386 Multoties
375 2328 456 2386 certe
471 2327 503 2382 tu
519 2320 682 2398 regretahis
696 2339 777 2386 eum.

168 2422 258 2503 Espia
272 2441 325 2503 per
339 2430 456 2503 postam
468 2429 535 2502 post
549 2420 734 2484 d'Arenione
747 2431 900 2504 retornat,

210 2528 284 2601 Quae
298 2545 373 2590 nora
385 2526 542 2592 confestim
554 2544 615 2589 non
629 2528 706 2588 hona
718 2533 818 2590 contat
830 2526 868 2590 ei.

171 2631 258 2694 Hunc
272 2633 350 2694 male
364 2636 539 2694 contentum
552 2629 632 2709 tecit,
648 2629 795 2691 contando
809 2632 939 2694 novellas
953 2653 960 2692 ε

207 2737 321 2800 Pendet
335 2738 373 2801 ah
384 2754 435 2800 cre
454 2735 520 2816 riri,
541 2737 659 2815 quaudo
672 2742 805 2799 recontat
818 2753 879 2798 eas.

166 2836 342 2900 Franciscus
355 2837 435 2900 venit
449 2835 602 2900 Gallorum
616 2838 681 2908 Rex
693 2835 898 2916 venerandus,

208 2938 266 3012 Qui
278 2941 390 3002 coelum
402 2946 433 3001 et
444 2946 555 3002 terram
565 2939 628 3017 Jam
637 2940 797 3000 tremolare
808 2936 897 3014 laeit;

166 3044 222 3106 Est
236 3062 317 3108 nunc
331 3061 401 3108 cum
416 3051 511 3123 tanta,
528 3052 610 3106 tanta
625 3041 769 3106 hravitate
789 3049 916 3104 venutus
930 3089 937 3122 ,

207 3148 291 3220 Quod
305 3153 420 3230 nullus,
437 3149 537 3229 Cesar,
553 3147 670 3212 uincere
683 3151 784 3227 posset
802 3162 883 3209 eum.

165 3252 236 3330 lpse
250 3269 319 3315 suas
334 3261 440 3332 gentes
454 3270 536 3316 nunc
550 3251 703 3315 hrenione
717 3259 887 3332 reeompat,

207 3355 382 3422 Terribilem
396 3374 537 3435 guerram
552 3373 632 3420 nunc
645 3358 797 3419 cumulare
809 3358 905 3436 juhet.
