2504 4240
537 657 638 733 IDEM

280 843 344 899 ΔΙ)
385 841 608 900 SUUM!
645 843 896 905 Mfflffllffl

372 991 792 1075 llice-Cancellerium.

153 1371 354 1451 Gnnsouurn,
373 1388 489 1452 precor,
505 1379 623 1435 nostras
636 1370 686 1435 bie
701 1372 800 1454 accipe
814 1390 936 1451 musas,

203 1473 277 1547 Quae
287 1479 406 1537 eantare
421 1475 528 1555 solent,
544 1474 583 1537 sit
597 1473 652 1538 tibi
664 1476 753 1553 longa
768 1476 860 1538 salus.

159 1573 312 1641 Continuo
323 1575 403 1642 certe
416 1574 575 1642 taeitai‘sub
587 1584 688 1642 mente
702 1579 877 1658 revolvunt,

200 1681 243 1744 'le
259 1678 369 1760 quibus
387 1680 423 1743 ad
442 1679 583 1744 meritum
596 1679 735 1744 laudibus
754 1697 850 1760 usque
864 1683 985 1744 levent:

91 1855 92 1862 ἵ
159 1784 286 1858 Quando
300 1784 419 1863 quidem
433 1791 516 1848 tanto
531 1783 604 1847 uiris
620 1801 701 1848 nuno
714 1783 823 1863 dignus
836 1786 967 1866 honore,

199 1888 240 1951 Ut
256 1889 357 1951 nullus
375 1887 479 1952 laudes
497 1903 673 1952 enumerare
687 1895 787 1967 queat.

159 1991 221 2056 lloo
240 1989 309 2056 lieet
320 1992 468 2071 exiguum
482 2009 594 2056 munus
613 1992 815 2074 mandantque
832 1993 960 2058 libenter
977 2016 983 2054 :

196 2095 260 2174 Nil,
280 2094 336 2158 tibi
349 2095 429 2175 quod
445 2103 570 2176 possent
584 2097 711 2178 tradere,
726 2098 824 2176 maius
838 2104 912 2160 erat.

156 2197 196 2262 let
210 2198 283 2260 dum
299 2198 358 2262 iata
374 2198 477 2262 sinent
491 2199 624 2263 animum
639 2201 800 2280 perducere
813 2203 919 2282 liniue,

203 2297 253 2362 Sol
267 2315 386 2378 quoque
400 2317 453 2380 per
467 2306 562 2364 terras
575 2299 690 2364 lurnina
702 2302 778 2365 clara
794 2301 875 2365 dabit
890 2352 897 2381 ‚

158 2401 198 2464 Et
214 2403 324 2465 celeres
339 2400 421 2465 venti
434 2420 487 2483 per
502 2419 618 2466 summa
633 2403 785 2467 cacumina
800 2405 932 2486 flabunt,

198 2506 300 2586 Atque
313 2509 510 2586 procellosum
525 2508 598 2570 dum
616 2516 698 2588 petet
712 2509 791 2572 unda
807 2525 907 2589 mare,

158 2611 272 2675 Harum
286 2610 454 2692 pectoribus
468 2614 548 2676 fixus
560 2613 728 2678 remanebis
742 2629 842 2678 amore
862 2637 868 2676 :

199 2713 366 2775 Portabunt
378 2711 467 2776 etiarn
483 2729 591 2778 nonren
603 2715 640 2778 ad
654 2723 733 2778 astra
749 2723 856 2794 tuum;

161 2815 201 2878 Et
215 2814 353 2896 precibus
370 2817 480 2880 surnrni
494 2819 657 2897 pulsabunt
672 2818 795 2882 numina
811 2818 896 2900 orell,

202 2918 242 2984 Ut
256 2916 336 2982 vivas
357 2919 425 2984 lelix
441 2927 574 3001 ternpore
593 2922 692 2999 longa.
711 2923 793 2986 Vale.

547 3219 627 3329 Θ
