2504 4240
408 418 563 475 aaronem
589 424 794 470 rurnntronrs.
988 417 1026 476 35

170 525 298 590 llilanus
319 527 437 612 Rissus,
461 531 514 610 qui
535 536 620 599 valde
645 536 765 616 saggius
780 546 874 620 estat,

209 633 389 698 Bartomeus
412 638 504 700 frater
529 638 645 704 Rissius
659 649 750 722 atque
764 663 856 724 suus,

169 733 295 813 Fabrus,
312 737 433 818 Olivam,
445 739 559 821 Dalhis,
575 760 684 822 parvus
703 746 879 811 Colarellus.

210 839 328 920 Vitatis,
349 841 460 921 Silvus,
482 845 710 926 Daugeriusque
723 847 825 930 simul,

167 941 323 1022 BorriliuS,
337 943 426 1024 Clari,
440 946 599 1028 Dalbertis,
619 957 649 1013 et
661 950 799 1032 Pelicoti,

206 1049 336 1127 Ponsus,
352 1047 501 1130 lullianis,
516 1050 601 1114 Flora
615 1052 724 1116 lalotus
738 1057 848 1132 homo,

165 1150 223 1211 Per
238 1157 331 1212 totam
347 1148 448 1213 littam
462 1168 566 1216 omnes
578 1163 723 1218 secretam
746 1157 888 1226 docebant
910 1183 916 1222 :

204 1253 284 1314 Sunt
302 1253 454 1334 secretari,
470 1255 527 1318 rite
541 1273 645 1320 cavare
657 1258 766 1324 sciunt.

162 1353 264 1416 Altius
278 1371 311 1416 es
324 1355 404 1420 iorso
416 1375 470 1420 nos
489 1361 569 1427 ultra
588 1361 693 1424 tollere
716 1365 802 1444 uela,

200 1462 348 1524 Parlando
364 1479 479 1544 rerum,
495 1464 521 1527 si
538 1465 613 1528 mihi
623 1483 708 1530 musa
722 1469 817 1534 lavet.

159 1565 226 1627 Non
239 1582 296 1644 ego
310 1565 383 1628 talsa
398 1569 515 1646 loquor,
527 1568 747 1645 cranonisando
759 1573 897 1636 balathas
911 1623 920 1653 ,

197 1673 278 1746 Quas
292 1681 394 1737 contra
407 1675 550 1740 Fransam
570 1693 645 1756 gens
658 1677 777 1742 inimica
802 1687 915 1744 movet.

157 1777 220 1839 Cur
242 1777 317 1840 laoio
327 1785 464 1842 nostram
478 1785 557 1843 retro
571 1787 691 1844 tornare
707 1781 871 1848 Camenam
881 1787 900 1846 ‘t

198 1879 239 1942 Ut
254 1878 328 1943 nihil
341 1879 489 1945 intactum
508 1889 601 1946 restet
619 1883 737 1948 abinde
762 1886 888 1950 honum.

156 1982 298 2055 winde
317 1983 561 2049 Forum-lulium
581 1987 749 2068 d’Espagna
763 2005 887 2069 campus
903 1989 1010 2072 arivat,

198 2087 275 2150 Cum
289 2087 394 2165 grandi
408 2104 514 2168 pompa
529 2105 637 2168 guerra
651 2089 815 2174 triumphat
830 2093 882 2158 ihi.

155 2190 283 2252 llostras
296 2189 361 2270 ipse
376 2208 445 2254 snas
459 2189 541 2274 lecit,
555 2192 728 2273 bandasque
743 2193 871 2276 revisat,

192 2293 233 2356 Et
246 2293 360 2373 pedites
370 2300 520 2374 numerat,
535 2294 716 2360 consiliando
728 2298 823 2362 bonos
838 2321 845 2366 ;

151 2395 255 2474 Atque
269 2403 482 2476 pagamentum
496 2398 645 2462 modicum
656 2416 709 2462 sna
728 2399 818 2462 bursa
834 2407 987 2464 comensat
1001 2422 1015 2478 ;-

175 2555 178 2564 ,
192 2499 295 2562 Unum
312 2499 455 2562 ducatum
475 2498 597 2564 cuilibet
622 2500 687 2581 ipse
701 2499 793 2564 dedit.

147 2599 280 2664 Biscotos
294 2601 396 2681 duros,
411 2598 524 2663 faciunt
536 2599 742 2681 quirumpere
762 2601 870 2664 dentes
884 2650 892 2681 ,

189 2703 247 2778 Qui
265 2703 393 2768 nimium
406 2705 510 2784 lorsat,
535 2705 656 2784 quando
680 2705 831 2768 remordet
853 2721 927 2784 eos,

147 2808 243 2888 Cepit,
259 2814 290 2872 et
300 2807 478 2871 innumeras
490 2805 552 2870 illic
566 2807 602 2869 de
623 2808 718 2871 classe
737 2805 867 2885 larinas,

186 2911 340 2991 Armaque
352 2909 522 2989 gendarmis
534 2928 661 2990 quaeque
673 2913 772 2989 galera
787 2911 889 2974 dabat.

145 3013 339 3097 Adreyssarit
353 3013 395 3077 ibi
416 3021 573 3092 armatam,
595 3014 768 3092 bandasque
789 3014 946 3091 valentes,

183 3119 260 3181 Cum
274 3117 460 3197 tamborinis,
473 3116 602 3198 plurima
617 3118 683 3179 srlra
703 3124 814 3180 locant.

142 3217 286 3300 insegnas
299 3223 397 3301 largat
419 3224 541 3286 blatteas
553 3227 665 3283 armata
681 3219 869 3301 triumphans

181 3325 327 3406 Grandes,
343 3344 415 3415 quae.
437 3327 584 3404 semblent
599 3323 720 3401 candida
736 3327 799 3401 vela
814 3325 903 3403 maris
916 3347 932 3409 ᾗ,
