2538 4224
416 403 570 458 caretronr
594 405 799 452 taroanense.
991 389 1029 446 933

176 521 250 596 Quid
263 517 372 584 melius
385 517 500 582 homini
513 525 570 598 est,
590 518 663 598 quid
677 520 745 600 plus
757 516 904 599 pretiatur
917 515 948 578 in
960 514 1027 596 illo,

218 623 316 695 Quam
330 638 449 684 servare
462 620 578 685 iidem?
593 621 688 684 'Nono
700 619 774 683 nihil
792 637 858 683 esse
870 625 979 700 potest.

176 724 263 788 Unus
277 723 368 785 horno
387 720 504 784 varians
517 723 586 803 plus
600 727 647 784 est
665 737 757 801 qnam
776 719 870 784 bestia
884 722 994 802 bruta,

215 828 255 890 Et
270 826 416 907 quidquid
428 826 526 908 faeiat,
544 843 603 889 non
617 827 729 906 probos
741 843 806 890 esse
818 833 927 908 potest.

172 931 278 996 Fronti
293 933 377 994 nulla
398 931 483 1010 fides,
505 937 651 1010 rumpunt
671 928 815 1010 promissa
833 927 971 1010 patroni:

211 1035 409 1109 &Dedecus
421 1041 467 1097 est
481 1031 596 1096 homini
607 1034 710 1096 fallere
722 1033 834 1112 grande
845 1033 947 1097 fidem.

174 1135 318 1217 Princeps
330 1135 495 1198 Turearurn
511 1152 570 1198 non
583 1135 652 1214 plus
665 1133 798 1198 sevisset
815 1133 845 1196 in
857 1133 924 1197 illos
937 1182 945 1213 ‚

214 1245 318 1324 Atque
332 1245 408 1307 toret
422 1241 542 1323 melius,
559 1242 656 1322 crede,
677 1239 817 1303 misertus
831 1238 884 1302 eis.

174 1351 234 1415 Sed
246 1351 282 1414 de
301 1349 359 1414 isto
378 1367 448 1413 casu
461 1367 520 1412 non
538 1349 723 1412 mervelhare
734 1345 895 1424 bisognat,

214 1453 263 1516 Ad
277 1453 423 1516 Pransarn
440 1459 573 1516 nostram
588 1467 727 1531 rumpere
743 1455 828 1528 pacta
846 1449 932 1511 solet.

174 1555 286 1620 Nasoni
301 1555 395 1620 credit
410 1573 527 1637 semper
544 1552 696 1634 l'Espania
715 1552 858 1630 llaotans,

215 1657 273 1731 Qui
287 1665 441 1739 trumpare
452 1658 550 1736 docet,
570 1655 689 1736 qnando
703 1652 800 1734 puella
815 1659 915 1730 negat.

171 1759 344 1840 Promittas,
366 1760 473 1839 faoito;
492 1759 563 1840 quid
578 1758 658 1822 enirn
677 1755 850 1839 promittere
863 1755 969 1820 laedit?

210 1863 354 1927 Pollicitis
373 1863 454 1927 dives
473 1863 598 1943 quilibet
616 1878 681 1924 esse
696 1866 808 1942 potest.

174 1967 314 2048 luppiter
325 1986 363 2032 ex
380 1970 440 2032 alto
454 1967 582 2049 periuria
598 1966 673 2030 ridet
687 1971 862 2048 amantum,

211 2071 251 2133 Et
262 2071 348 2148 jubet
360 2070 451 2133 eolios
466 2070 548 2133 irrita
565 2071 643 2134 ferre
654 2077 751 2134 notos

171 2175 248 2238 Com
262 2173 321 2238 fuit
333 2194 349 2238 a
362 2174 460 2252 Nissa,
473 2179 605 2238 multum
622 2195 654 2240 se
668 2184 780 2241 anneta
792 2175 921 2238 mutinat
934 2224 943 2256 ,a

212 2281 324 2345 Versus
343 2295 413 2340 eum
428 2281 554 2358 elamat,
570 2279 601 2342 in
616 2281 783 2360 renegando
802 2283 920 2346 Derim:

171 2390 211 2453 Et
224 2389 310 2470 quasi
324 2397 385 2453 tola
401 2389 487 2453 illum
506 2391 620 2455 foriens
634 2399 747 2455 armata
760 2393 880 2472 reliquit
893 2443 901 2475 ,

213 2495 485 2559 Lansaeanetornm
504 2496 601 2558 banda
620 2493 740 2574 reliquit
754 2513 841 2576 eom;

172 2599 323 2678 Argentos
335 2602 413 2663 ullos
428 2599 497 2680 quia
512 2619 572 2664 non
587 2601 747 2664 donaverat
763 2599 821 2664 illis
834 2650 841 2682 ,

212 2702 252 2763 Et
269 2702 415 2784 layssarat
430 2718 480 2764 eos
499 2706 590 2780 atque
604 2699 700 2781 perire
712 2700 811 2763 farne:

172 2805 292 2885 Vixque
310 2807 412 2869 decena
427 2812 546 2868 tantuna
562 2823 615 2886 per
626 2804 742 2868 Nissam
756 2805 837 2869 mille
853 2812 1001 2886 reeampat

213 2909 407 2990 Gendarrnas,
427 2909 564 2990 quamvis
580 2909 712 2990 timpora
733 2927 835 2989 grossa
852 2915 998 2990 toquent,

172 3010 264 3091 Quas,
277 3029 330 3092 per
343 3009 528 3090 lllarquisorn
540 3009 623 3072 Gasti
634 3028 688 3072 son
706 3011 948 3088 loggatenentenr

212 3115 292 3180 Misit
305 3115 337 3179 in
349 3115 475 3196 ltaliam,
497 3113 697 3194 saquegiando
711 3114 845 3194 poblum.

172 3221 239 3301 lpse
250 3218 370 3300 reliquit
389 3237 450 3296 eos,
465 3219 574 3282 horum
589 3217 757 3294 eregnendo
776 3217 927 3297 furorem,

211 3323 297 3387 llune
312 3323 397 3404 quasi
416 3323 587 3401 gendarnrae
606 3337 712 3402 nempe
731 3321 839 3387 lrotare
856 3325 977 3393 t·olont;
