<?xml version="1.0" encoding="UTF-8"?>
<!DOCTYPE html PUBLIC "-//W3C//DTD XHTML 1.0 Transitional//EN"
    "http://www.w3.org/TR/xhtml1/DTD/xhtml1-transitional.dtd">
<html xmlns="http://www.w3.org/1999/xhtml" xml:lang="en" lang="en">
 <head>
  <title>
</title>
<meta http-equiv="Content-Type" content="text/html;charset=utf-8" />
  <meta name='ocr-system' content='tesseract 3.04.00' />
  <meta name='ocr-capabilities' content='ocr_page ocr_carea ocr_par ocr_line ocrx_word'/>
</head>
<body>
  <div class='ocr_page' id='page_1' title='image "./meygraentrepriz01bonagoog_0127.png"; bbox 0 0 2538 4224; ppageno 0'>
   <div class='ocr_carea' id='block_1_1' title="bbox 247 391 832 490">
    <p class='ocr_par' dir='ltr' id='par_1_1' title="bbox 247 391 832 490">
     <span class='ocr_line' id='line_1_1' title="bbox 247 391 832 490; baseline -0.003 -2"><span class='ocrx_word' id='word_1_1' title='bbox 247 429 285 488; x_wconf 76' lang='lat'>9⁰</span> <span class='ocrx_word' id='word_1_2' title='bbox 510 391 832 490; x_wconf 57' lang='lat' dir='ltr'>unionununnnnnisu</span> 
     </span>
    </p>
   </div>
   <div class='ocr_carea' id='block_1_2' title="bbox 246 551 959 740">
    <p class='ocr_par' dir='ltr' id='par_1_2' title="bbox 246 551 959 740">
     <span class='ocr_line' id='line_1_2' title="bbox 246 551 959 633; baseline -0.006 -15"><span class='ocrx_word' id='word_1_3' title='bbox 246 555 340 618; x_wconf 75' lang='lat' dir='ltr'>Extra</span> <span class='ocrx_word' id='word_1_4' title='bbox 355 554 536 616; x_wconf 79' lang='lat' dir='ltr'>Pinnensem</span> <span class='ocrx_word' id='word_1_5' title='bbox 547 552 585 615; x_wconf 86' lang='lat' dir='ltr'>de</span> <span class='ocrx_word' id='word_1_6' title='bbox 598 551 698 616; x_wconf 80' lang='lat' dir='ltr'>Tenda</span> <span class='ocrx_word' id='word_1_7' title='bbox 714 551 840 632; x_wconf 80' lang='lat' dir='ltr'>contus,</span> <span class='ocrx_word' id='word_1_8' title='bbox 857 557 887 615; x_wconf 82' lang='lat' dir='ltr'>et</span> <span class='ocrx_word' id='word_1_9' title='bbox 901 551 959 633; x_wconf 85' lang='lat' dir='ltr'>ipsi</span> 
     </span>
     <span class='ocr_line' id='line_1_3' title="bbox 288 655 877 740; baseline -0.008 -18"><span class='ocrx_word' id='word_1_10' title='bbox 288 657 389 722; x_wconf 83' lang='lat' dir='ltr'>Nostri</span> <span class='ocrx_word' id='word_1_11' title='bbox 402 655 546 740; x_wconf 80' lang='lat' dir='ltr'>paysnni,</span> <span class='ocrx_word' id='word_1_12' title='bbox 563 655 766 735; x_wconf 79' lang='lat' dir='ltr'>belligerando</span> <span class='ocrx_word' id='word_1_13' title='bbox 780 656 877 736; x_wconf 87' lang='lat' dir='ltr'>bene,</span> 
     </span>
    </p>
   </div>
   <div class='ocr_carea' id='block_1_3' title="bbox 150 762 984 842">
    <p class='ocr_par' dir='ltr' id='par_1_3' title="bbox 150 762 984 842">
     <span class='ocr_line' id='line_1_4' title="bbox 150 762 984 842; baseline -0.004 -16"><span class='ocrx_word' id='word_1_14' title='bbox 150 769 156 777; x_wconf 84' lang='lat'><em>&#39;</em></span> <span class='ocrx_word' id='word_1_15' title='bbox 250 763 491 842; x_wconf 76' lang='lat' dir='ltr'>imnerelatorem</span> <span class='ocrx_word' id='word_1_16' title='bbox 509 763 698 840; x_wconf 80' lang='lat' dir='ltr'>chussarunt,</span> <span class='ocrx_word' id='word_1_17' title='bbox 714 768 804 839; x_wconf 77' lang='lat' dir='ltr'>atque</span> <span class='ocrx_word' id='word_1_18' title='bbox 822 762 984 825; x_wconf 77' lang='lat' dir='ltr'>notarunt:</span> 
     </span>
    </p>
   </div>
   <div class='ocr_carea' id='block_1_4' title="bbox 246 863 1089 3433">
    <p class='ocr_par' dir='ltr' id='par_1_4' title="bbox 246 863 1089 3433">
     <span class='ocr_line' id='line_1_5' title="bbox 287 863 977 944; baseline -0.004 -15"><span class='ocrx_word' id='word_1_19' title='bbox 287 866 363 929; x_wconf 89' lang='lat' dir='ltr'>Cum</span> <span class='ocrx_word' id='word_1_20' title='bbox 381 865 487 944; x_wconf 80' lang='lat' dir='ltr'>grandi</span> <span class='ocrx_word' id='word_1_21' title='bbox 500 883 585 944; x_wconf 80' lang='lat' dir='ltr'>gorra</span> <span class='ocrx_word' id='word_1_22' title='bbox 601 863 729 943; x_wconf 86' lang='lat' dir='ltr'>quisque</span> <span class='ocrx_word' id='word_1_23' title='bbox 743 865 879 927; x_wconf 78' lang='lat' dir='ltr'>monebat</span> <span class='ocrx_word' id='word_1_24' title='bbox 893 881 977 927; x_wconf 86' lang='lat' dir='ltr'>eum.</span> 
     </span>
     <span class='ocr_line' id='line_1_6' title="bbox 249 969 956 1052; baseline -0.007 -17"><span class='ocrx_word' id='word_1_25' title='bbox 249 971 334 1052; x_wconf 81' lang='lat' dir='ltr'>Saepe</span> <span class='ocrx_word' id='word_1_26' title='bbox 349 971 504 1051; x_wconf 79' lang='lat' dir='ltr'>galopabat</span> <span class='ocrx_word' id='word_1_27' title='bbox 518 987 571 1050; x_wconf 85' lang='lat' dir='ltr'>per</span> <span class='ocrx_word' id='word_1_28' title='bbox 585 984 704 1049; x_wconf 81' lang='lat' dir='ltr'>campos</span> <span class='ocrx_word' id='word_1_29' title='bbox 718 969 794 1030; x_wconf 78' lang='lat' dir='ltr'>forte</span> <span class='ocrx_word' id='word_1_30' title='bbox 807 969 936 1031; x_wconf 83' lang='lat' dir='ltr'>cavallos</span> <span class='ocrx_word' id='word_1_31' title='bbox 948 987 956 1047; x_wconf 87' lang='lat'><strong>;</strong></span> 
     </span>
     <span class='ocr_line' id='line_1_7' title="bbox 288 1073 895 1158; baseline -0.003 -20"><span class='ocrx_word' id='word_1_32' title='bbox 288 1073 417 1158; x_wconf 84' lang='lat' dir='ltr'>Pnysani</span> <span class='ocrx_word' id='word_1_33' title='bbox 430 1073 542 1138; x_wconf 83' lang='lat' dir='ltr'>iaciunt</span> <span class='ocrx_word' id='word_1_34' title='bbox 558 1078 658 1153; x_wconf 81' lang='lat' dir='ltr'>presto</span> <span class='ocrx_word' id='word_1_35' title='bbox 672 1074 770 1136; x_wconf 86' lang='lat' dir='ltr'>levare</span> <span class='ocrx_word' id='word_1_36' title='bbox 784 1073 873 1153; x_wconf 88' lang='lat' dir='ltr'>pedes</span> <span class='ocrx_word' id='word_1_37' title='bbox 889 1096 895 1136; x_wconf 94' lang='lat'><strong>:</strong></span> 
     </span>
     <span class='ocr_line' id='line_1_8' title="bbox 249 1175 1020 1258; baseline -0.006 -13"><span class='ocrx_word' id='word_1_38' title='bbox 249 1181 282 1245; x_wconf 90' lang='lat' dir='ltr'>In</span> <span class='ocrx_word' id='word_1_39' title='bbox 299 1187 468 1258; x_wconf 74' lang='lat' dir='ltr'>terramque</span> <span class='ocrx_word' id='word_1_40' title='bbox 481 1194 600 1257; x_wconf 83' lang='lat' dir='ltr'>novam,</span> <span class='ocrx_word' id='word_1_41' title='bbox 616 1175 769 1257; x_wconf 80' lang='lat' dir='ltr'>fugiendo,</span> <span class='ocrx_word' id='word_1_42' title='bbox 786 1195 818 1241; x_wconf 89' lang='lat' dir='ltr'>se</span> <span class='ocrx_word' id='word_1_43' title='bbox 832 1176 891 1240; x_wconf 75' lang='lat' dir='ltr'>cito</span> <span class='ocrx_word' id='word_1_44' title='bbox 905 1179 998 1240; x_wconf 79' lang='lat' dir='ltr'>saliat</span> <span class='ocrx_word' id='word_1_45' title='bbox 1013 1200 1020 1240; x_wconf 80' lang='lat' dir='ltr'>z</span> 
     </span>
     <span class='ocr_line' id='line_1_9' title="bbox 289 1280 996 1364; baseline 0 -20"><span class='ocrx_word' id='word_1_46' title='bbox 289 1284 412 1359; x_wconf 83' lang='lat' dir='ltr'>Quando</span> <span class='ocrx_word' id='word_1_47' title='bbox 426 1284 544 1364; x_wconf 78' lang='lat' dir='ltr'>spagnn</span> <span class='ocrx_word' id='word_1_48' title='bbox 560 1280 648 1361; x_wconf 80' lang='lat' dir='ltr'>fugit,</span> <span class='ocrx_word' id='word_1_49' title='bbox 663 1281 775 1344; x_wconf 84' lang='lat' dir='ltr'>Fransn</span> <span class='ocrx_word' id='word_1_50' title='bbox 794 1283 905 1361; x_wconf 75' lang='lat' dir='ltr'>peloint</span> <span class='ocrx_word' id='word_1_51' title='bbox 919 1297 996 1344; x_wconf 82' lang='lat' dir='ltr'>eom.</span> 
     </span>
     <span class='ocr_line' id='line_1_10' title="bbox 249 1383 955 1464; baseline -0.006 -12"><span class='ocrx_word' id='word_1_52' title='bbox 249 1387 426 1452; x_wconf 82' lang='lat' dir='ltr'>Marchando</span> <span class='ocrx_word' id='word_1_53' title='bbox 444 1393 535 1464; x_wconf 72' lang='lat' dir='ltr'>reone,</span> <span class='ocrx_word' id='word_1_54' title='bbox 552 1391 663 1448; x_wconf 78' lang='lat' dir='ltr'>seurota</span> <span class='ocrx_word' id='word_1_55' title='bbox 677 1391 790 1448; x_wconf 71' lang='lat' dir='ltr'><strong>armata</strong></span> <span class='ocrx_word' id='word_1_56' title='bbox 805 1383 955 1464; x_wconf 80' lang='lat' dir='ltr'>nominat,</span> 
     </span>
     <span class='ocr_line' id='line_1_11' title="bbox 287 1487 995 1570; baseline -0.004 -17"><span class='ocrx_word' id='word_1_57' title='bbox 287 1491 334 1553; x_wconf 80' lang='lat' dir='ltr'>Au</span> <span class='ocrx_word' id='word_1_58' title='bbox 349 1492 375 1554; x_wconf 85' lang='lat' dir='ltr'>la</span> <span class='ocrx_word' id='word_1_59' title='bbox 388 1507 583 1570; x_wconf 81' lang='lat' dir='ltr'>campagnam</span> <span class='ocrx_word' id='word_1_60' title='bbox 598 1505 727 1569; x_wconf 86' lang='lat' dir='ltr'>numque</span> <span class='ocrx_word' id='word_1_61' title='bbox 741 1487 849 1551; x_wconf 79' lang='lat' dir='ltr'>timore</span> <span class='ocrx_word' id='word_1_62' title='bbox 860 1496 995 1552; x_wconf 87' lang='lat' dir='ltr'>manent.</span> 
     </span>
     <span class='ocr_line' id='line_1_12' title="bbox 249 1591 984 1676; baseline -0.004 -19"><span class='ocrx_word' id='word_1_63' title='bbox 249 1591 364 1676; x_wconf 86' lang='lat' dir='ltr'>Paysus</span> <span class='ocrx_word' id='word_1_64' title='bbox 383 1593 487 1657; x_wconf 77' lang='lat' dir='ltr'>devote</span> <span class='ocrx_word' id='word_1_65' title='bbox 499 1592 652 1656; x_wconf 79' lang='lat' dir='ltr'>Christum</span> <span class='ocrx_word' id='word_1_66' title='bbox 666 1591 703 1655; x_wconf 88' lang='lat' dir='ltr'>de</span> <span class='ocrx_word' id='word_1_67' title='bbox 717 1597 818 1654; x_wconf 78' lang='lat' dir='ltr'>mente</span> <span class='ocrx_word' id='word_1_68' title='bbox 832 1591 984 1670; x_wconf 76' lang='lat' dir='ltr'>undabat,</span> 
     </span>
     <span class='ocr_line' id='line_1_13' title="bbox 290 1693 988 1776; baseline -0.003 -18"><span class='ocrx_word' id='word_1_69' title='bbox 290 1697 350 1758; x_wconf 88' lang='lat' dir='ltr'>Hos</span> <span class='ocrx_word' id='word_1_70' title='bbox 361 1699 490 1776; x_wconf 84' lang='lat' dir='ltr'>psalmos</span> <span class='ocrx_word' id='word_1_71' title='bbox 505 1702 617 1775; x_wconf 76' lang='lat' dir='ltr'>caniat,</span> <span class='ocrx_word' id='word_1_72' title='bbox 631 1697 715 1758; x_wconf 87' lang='lat' dir='ltr'>huno</span> <span class='ocrx_word' id='word_1_73' title='bbox 728 1693 852 1756; x_wconf 74' lang='lat' dir='ltr'>relinere</span> <span class='ocrx_word' id='word_1_74' title='bbox 864 1693 966 1760; x_wconf 85' lang='lat' dir='ltr'>videns</span> <span class='ocrx_word' id='word_1_75' title='bbox 981 1715 988 1756; x_wconf 75' lang='grc' dir='ltr'>ε</span> 
     </span>
     <span class='ocr_line' id='line_1_14' title="bbox 250 1793 1047 1878; baseline -0.005 -16"><span class='ocrx_word' id='word_1_76' title='bbox 250 1795 411 1878; x_wconf 81' lang='lat' dir='ltr'>Rumpere,</span> <span class='ocrx_word' id='word_1_77' title='bbox 427 1817 540 1878; x_wconf 83' lang='lat' dir='ltr'>qnaeso,</span> <span class='ocrx_word' id='word_1_78' title='bbox 555 1797 610 1862; x_wconf 83' lang='lat' dir='ltr'>tibi</span> <span class='ocrx_word' id='word_1_79' title='bbox 623 1797 710 1861; x_wconf 80' lang='lat' dir='ltr'>faeiat</span> <span class='ocrx_word' id='word_1_80' title='bbox 724 1793 901 1876; x_wconf 80' lang='lat' dir='ltr'>Proserpina</span> <span class='ocrx_word' id='word_1_81' title='bbox 916 1797 1047 1873; x_wconf 83' lang='lat' dir='ltr'>oollum3</span> 
     </span>
     <span class='ocr_line' id='line_1_15' title="bbox 289 1897 1010 1980; baseline -0.014 -12"><span class='ocrx_word' id='word_1_82' title='bbox 289 1903 382 1975; x_wconf 62' lang='lat'>&lt;5²0</span> <span class='ocrx_word' id='word_1_83' title='bbox 397 1903 572 1965; x_wconf 78' lang='lat' dir='ltr'>Salonassei</span> <span class='ocrx_word' id='word_1_84' title='bbox 589 1901 684 1980; x_wconf 83' lang='lat' dir='ltr'><strong>Fuge,</strong></span> <span class='ocrx_word' id='word_1_85' title='bbox 701 1918 758 1964; x_wconf 92' lang='lat' dir='ltr'>non</span> <span class='ocrx_word' id='word_1_86' title='bbox 772 1898 934 1978; x_wconf 82' lang='lat' dir='ltr'>rediturus,</span> <span class='ocrx_word' id='word_1_87' title='bbox 950 1897 1010 1962; x_wconf 85' lang='lat' dir='ltr'>ahi.</span> 
     </span>
     <span class='ocr_line' id='line_1_16' title="bbox 250 2001 978 2084; baseline -0.003 -18"><span class='ocrx_word' id='word_1_88' title='bbox 250 2001 336 2066; x_wconf 86' lang='lat' dir='ltr'>Nunc</span> <span class='ocrx_word' id='word_1_89' title='bbox 350 2021 418 2082; x_wconf 85' lang='lat' dir='ltr'>qoae</span> <span class='ocrx_word' id='word_1_90' title='bbox 432 2003 605 2084; x_wconf 80' lang='lat' dir='ltr'>dispensant</span> <span class='ocrx_word' id='word_1_91' title='bbox 620 2003 755 2067; x_wconf 79' lang='lat' dir='ltr'>mortalia</span> <span class='ocrx_word' id='word_1_92' title='bbox 769 2003 978 2080; x_wconf 62' lang='lat' dir='ltr'>ieiunorum,</span> 
     </span>
     <span class='ocr_line' id='line_1_17' title="bbox 289 2096 864 2189; baseline 0.002 -20"><span class='ocrx_word' id='word_1_93' title='bbox 289 2107 351 2170; x_wconf 82' lang='lat' dir='ltr'>Filo</span> <span class='ocrx_word' id='word_1_94' title='bbox 366 2107 459 2171; x_wconf 82' lang='lat' dir='ltr'>uelint</span> <span class='ocrx_word' id='word_1_95' title='bbox 473 2108 542 2172; x_wconf 79' lang='lat' dir='ltr'>vitae</span> <span class='ocrx_word' id='word_1_96' title='bbox 558 2116 658 2189; x_wconf 80' lang='lat' dir='ltr'>presto</span> <span class='ocrx_word' id='word_1_97' title='bbox 670 2124 778 2188; x_wconf 77' lang='lat' dir='ltr'>copore</span> <span class='ocrx_word' id='word_1_98' title='bbox 791 2096 864 2170; x_wconf 84' lang='lat' dir='ltr'>tnae.</span> 
     </span>
     <span class='ocr_line' id='line_1_18' title="bbox 247 2200 1089 2293; baseline 0.007 -25"><span class='ocrx_word' id='word_1_99' title='bbox 247 2215 303 2282; x_wconf 63' lang='lat' dir='ltr'>u?</span> <span class='ocrx_word' id='word_1_100' title='bbox 315 2207 395 2270; x_wconf 87' lang='lat' dir='ltr'>Vade</span> <span class='ocrx_word' id='word_1_101' title='bbox 409 2206 440 2270; x_wconf 92' lang='lat' dir='ltr'>in</span> <span class='ocrx_word' id='word_1_102' title='bbox 454 2210 631 2289; x_wconf 79' lang='lat' dir='ltr'>munorum,</span> <span class='ocrx_word' id='word_1_103' title='bbox 652 2225 737 2273; x_wconf 83' lang='lat' dir='ltr'>sensa</span> <span class='ocrx_word' id='word_1_104' title='bbox 752 2200 872 2274; x_wconf 66' lang='lat' dir='ltr'>tornare</span> <span class='ocrx_word' id='word_1_105' title='bbox 882 2211 1067 2293; x_wconf 77' lang='lat' dir='ltr'>inmoyssum</span> <span class='ocrx_word' id='word_1_106' title='bbox 1081 2229 1089 2289; x_wconf 90' lang='grc'><strong>;</strong></span> 
     </span>
     <span class='ocr_line' id='line_1_19' title="bbox 286 2313 937 2395; baseline 0.005 -20"><span class='ocrx_word' id='word_1_107' title='bbox 286 2313 467 2376; x_wconf 80' lang='lat' dir='ltr'>Provensam</span> <span class='ocrx_word' id='word_1_108' title='bbox 480 2313 592 2395; x_wconf 78' lang='lat' dir='ltr'>faenus,</span> <span class='ocrx_word' id='word_1_109' title='bbox 608 2313 726 2395; x_wconf 83' lang='lat' dir='ltr'>puofiois</span> <span class='ocrx_word' id='word_1_110' title='bbox 742 2321 833 2393; x_wconf 77' lang='lat' dir='ltr'>alque</span> <span class='ocrx_word' id='word_1_111' title='bbox 852 2313 937 2378; x_wconf 85' lang='lat' dir='ltr'><strong>nihil.</strong></span> 
     </span>
     <span class='ocr_line' id='line_1_20' title="bbox 246 2417 1058 2502; baseline 0.005 -20"><span class='ocrx_word' id='word_1_112' title='bbox 246 2417 410 2482; x_wconf 82' lang='lat' dir='ltr'>Consilium</span> <span class='ocrx_word' id='word_1_113' title='bbox 424 2418 531 2482; x_wconf 84' lang='lat' dir='ltr'>melius</span> <span class='ocrx_word' id='word_1_114' title='bbox 550 2419 655 2484; x_wconf 84' lang='lat' dir='ltr'>habuit</span> <span class='ocrx_word' id='word_1_115' title='bbox 668 2422 724 2484; x_wconf 92' lang='lat' dir='ltr'>hoo</span> <span class='ocrx_word' id='word_1_116' title='bbox 737 2419 866 2484; x_wconf 81' lang='lat' dir='ltr'><strong>Francia</strong></span> <span class='ocrx_word' id='word_1_117' title='bbox 880 2437 1058 2502; x_wconf 83' lang='lat' dir='ltr'>nunquam,</span> 
     </span>
     <span class='ocr_line' id='line_1_21' title="bbox 289 2519 976 2600; baseline 0.003 -18"><span class='ocrx_word' id='word_1_118' title='bbox 289 2519 412 2594; x_wconf 81' lang='lat' dir='ltr'>Quando</span> <span class='ocrx_word' id='word_1_119' title='bbox 426 2519 546 2600; x_wconf 82' lang='lat' dir='ltr'>reliquit</span> <span class='ocrx_word' id='word_1_120' title='bbox 559 2537 629 2585; x_wconf 87' lang='lat' dir='ltr'>enm</span> <span class='ocrx_word' id='word_1_121' title='bbox 648 2539 680 2586; x_wconf 88' lang='lat' dir='ltr'>se</span> <span class='ocrx_word' id='word_1_122' title='bbox 694 2522 863 2584; x_wconf 82' lang='lat' dir='ltr'>trabalnuo</span> <span class='ocrx_word' id='word_1_123' title='bbox 876 2522 976 2584; x_wconf 86' lang='lat' dir='ltr'>modo.</span> 
     </span>
     <span class='ocr_line' id='line_1_22' title="bbox 248 2624 999 2708; baseline 0.007 -23"><span class='ocrx_word' id='word_1_124' title='bbox 248 2624 351 2705; x_wconf 86' lang='lat' dir='ltr'>villas,</span> <span class='ocrx_word' id='word_1_125' title='bbox 367 2643 422 2690; x_wconf 87' lang='lat' dir='ltr'>neo</span> <span class='ocrx_word' id='word_1_126' title='bbox 436 2632 552 2706; x_wconf 80' lang='lat' dir='ltr'>gentes,</span> <span class='ocrx_word' id='word_1_127' title='bbox 569 2643 624 2690; x_wconf 87' lang='lat' dir='ltr'>neo</span> <span class='ocrx_word' id='word_1_128' title='bbox 639 2643 746 2708; x_wconf 80' lang='lat' dir='ltr'>naysos</span> <span class='ocrx_word' id='word_1_129' title='bbox 760 2625 887 2706; x_wconf 85' lang='lat' dir='ltr'>perdidit</span> <span class='ocrx_word' id='word_1_130' title='bbox 901 2629 978 2690; x_wconf 90' lang='lat' dir='ltr'>ullos</span> <span class='ocrx_word' id='word_1_131' title='bbox 991 2675 999 2707; x_wconf 91' lang='lat'>,</span> 
     </span>
     <span class='ocr_line' id='line_1_23' title="bbox 288 2725 945 2808; baseline 0.003 -18"><span class='ocrx_word' id='word_1_132' title='bbox 288 2725 432 2804; x_wconf 81' lang='lat' dir='ltr'>Gagnavit</span> <span class='ocrx_word' id='word_1_133' title='bbox 446 2743 597 2808; x_wconf 79' lang='lat' dir='ltr'>guerram,</span> <span class='ocrx_word' id='word_1_134' title='bbox 617 2744 702 2790; x_wconf 86' lang='lat' dir='ltr'>seusa</span> <span class='ocrx_word' id='word_1_135' title='bbox 717 2729 840 2792; x_wconf 83' lang='lat' dir='ltr'>ohooare</span> <span class='ocrx_word' id='word_1_136' title='bbox 859 2727 945 2792; x_wconf 84' lang='lat' dir='ltr'>niem.</span> 
     </span>
     <span class='ocr_line' id='line_1_24' title="bbox 248 2831 883 2912; baseline 0.003 -18"><span class='ocrx_word' id='word_1_137' title='bbox 248 2831 489 2912; x_wconf 80' lang='lat' dir='ltr'>Impereiatorem</span> <span class='ocrx_word' id='word_1_138' title='bbox 507 2832 590 2896; x_wconf 80' lang='lat' dir='ltr'>valde</span> <span class='ocrx_word' id='word_1_139' title='bbox 604 2849 780 2896; x_wconf 83' lang='lat' dir='ltr'>consumere</span> <span class='ocrx_word' id='word_1_140' title='bbox 795 2832 883 2912; x_wconf 83' lang='lat' dir='ltr'>feeit,</span> 
     </span>
     <span class='ocr_line' id='line_1_25' title="bbox 291 2933 940 3016; baseline 0.003 -18"><span class='ocrx_word' id='word_1_141' title='bbox 291 2933 502 2998; x_wconf 69' lang='lat' dir='ltr'>Peninusiravit</span> <span class='ocrx_word' id='word_1_142' title='bbox 521 2953 571 2999; x_wconf 84' lang='lat' dir='ltr'>eos</span> <span class='ocrx_word' id='word_1_143' title='bbox 589 2934 726 3016; x_wconf 85' lang='lat' dir='ltr'>pluribus</span> <span class='ocrx_word' id='word_1_144' title='bbox 740 2943 830 3015; x_wconf 77' lang='lat' dir='ltr'>nique</span> <span class='ocrx_word' id='word_1_145' title='bbox 843 2935 940 3001; x_wconf 88' lang='lat' dir='ltr'>bonis.</span> 
     </span>
     <span class='ocr_line' id='line_1_26' title="bbox 248 3036 949 3120; baseline 0.007 -21"><span class='ocrx_word' id='word_1_146' title='bbox 248 3036 306 3099; x_wconf 88' lang='lat' dir='ltr'>Per</span> <span class='ocrx_word' id='word_1_147' title='bbox 319 3037 424 3114; x_wconf 80' lang='lat' dir='ltr'>longos</span> <span class='ocrx_word' id='word_1_148' title='bbox 440 3052 546 3120; x_wconf 82' lang='lat' dir='ltr'>paysos</span> <span class='ocrx_word' id='word_1_149' title='bbox 560 3036 647 3102; x_wconf 83' lang='lat' dir='ltr'>iilum</span> <span class='ocrx_word' id='word_1_150' title='bbox 662 3041 818 3104; x_wconf 77' lang='lat' dir='ltr'>morchere</span> <span class='ocrx_word' id='word_1_151' title='bbox 832 3037 949 3120; x_wconf 80' lang='lat' dir='ltr'>coegit,</span> 
     </span>
     <span class='ocr_line' id='line_1_27' title="bbox 288 3139 923 3224; baseline 0.003 -20"><span class='ocrx_word' id='word_1_152' title='bbox 288 3145 344 3212; x_wconf 59' lang='grc' dir='ltr'>(Θ</span> <span class='ocrx_word' id='word_1_153' title='bbox 355 3139 393 3204; x_wconf 85' lang='lat' dir='ltr'>Et</span> <span class='ocrx_word' id='word_1_154' title='bbox 408 3159 533 3220; x_wconf 81' lang='lat' dir='ltr'>persona</span> <span class='ocrx_word' id='word_1_155' title='bbox 555 3161 607 3208; x_wconf 83' lang='lat' dir='ltr'>sua</span> <span class='ocrx_word' id='word_1_156' title='bbox 622 3145 709 3224; x_wconf 82' lang='lat' dir='ltr'>piene</span> <span class='ocrx_word' id='word_1_157' title='bbox 725 3141 834 3206; x_wconf 80' lang='lat' dir='ltr'>loboris</span> <span class='ocrx_word' id='word_1_158' title='bbox 849 3150 923 3206; x_wconf 80' lang='lat' dir='ltr'>erat.</span> 
     </span>
     <span class='ocr_line' id='line_1_28' title="bbox 248 3241 887 3327; baseline 0.002 -22"><span class='ocrx_word' id='word_1_159' title='bbox 248 3242 373 3305; x_wconf 85' lang='lat' dir='ltr'>Blanoos</span> <span class='ocrx_word' id='word_1_160' title='bbox 386 3241 453 3308; x_wconf 81' lang='lat' dir='ltr'>feeit</span> <span class='ocrx_word' id='word_1_161' title='bbox 467 3242 495 3309; x_wconf 89' lang='lat' dir='ltr'>ei</span> <span class='ocrx_word' id='word_1_162' title='bbox 508 3246 610 3326; x_wconf 81' lang='lat' dir='ltr'>plures</span> <span class='ocrx_word' id='word_1_163' title='bbox 625 3245 733 3310; x_wconf 79' lang='lat' dir='ltr'>sortire</span> <span class='ocrx_word' id='word_1_164' title='bbox 747 3246 867 3327; x_wconf 83' lang='lat' dir='ltr'>capillos</span> <span class='ocrx_word' id='word_1_165' title='bbox 881 3267 887 3306; x_wconf 91' lang='lat'>:</span> 
     </span>
     <span class='ocr_line' id='line_1_29' title="bbox 289 3349 874 3433; baseline -0.005 -18"><span class='ocrx_word' id='word_1_166' title='bbox 289 3352 443 3415; x_wconf 75' lang='lat' dir='ltr'>Deiectum</span> <span class='ocrx_word' id='word_1_167' title='bbox 457 3353 592 3433; x_wconf 79' lang='lat' dir='ltr'>languet,</span> <span class='ocrx_word' id='word_1_168' title='bbox 609 3350 800 3428; x_wconf 74' lang='lat' dir='ltr'>ahreiintque</span> <span class='ocrx_word' id='word_1_169' title='bbox 812 3349 874 3414; x_wconf 87' lang='lat' dir='ltr'>dies</span> 
     </span>
    </p>
   </div>
   <div class='ocr_carea' id='block_1_5' title="bbox 0 0 1274 4224">
    <p class='ocr_par' dir='ltr' id='par_1_5' title="bbox 0 0 1274 4224">
     <span class='ocr_line' id='line_1_30' title="bbox 0 0 1274 4224; baseline 0 0"><span class='ocrx_word' id='word_1_170' title='bbox 0 0 1274 4224; x_wconf 95' lang='lat' dir='ltr'> </span> 
     </span>
    </p>
   </div>
  </div>
 </body>
</html>
