2538 4224
383 423 541 477 carourour
563 425 770 470 luruarrorus.
986 411 1023 466 09

170 535 210 596 Et
226 533 251 596 si
263 532 380 596 deficiat
394 532 555 613 quicquam
567 551 621 614 pro
640 533 844 614 sacrificando,

205 638 326 719 Mittite,
341 655 412 701 uam
424 637 507 702 vobis
519 640 583 702 ch
602 641 699 702 bonus
716 656 805 702 omne
818 638 910 702 dabit.

164 744 289 808 Talibus
303 741 432 824 acceptis
444 743 543 806 verbis
561 752 628 824 post
644 743 712 806 tilla
725 741 891 824 triumphat
906 793 913 823 ‚

207 847 368 925 Coragium
382 847 468 910 tortis
485 847 614 926 quisquc
632 847 726 910 iconis
740 847 843 911 habet.

163 954 238 1014 Post
257 949 316 1014 cito
330 951 401 1013 villa
415 950 472 1014 iuit
484 951 655 1031 goudaunis
668 955 756 1033 piena
772 952 908 1034 superbis
923 1004 929 1024 ,

206 1056 264 1118 Per
278 1073 354 1135 quos
372 1055 483 1118 hrisata
495 1055 577 1120 curia
588 1063 650 1120 tota
662 1057 719 1120 ruit
734 1079 740 1135 ;

166 1157 315 1221 Crotouos
330 1157 420 1222 etiam
434 1161 595 1223 volucrunt
613 1177 754 1241 rumpere
772 1161 885 1241 fortes,

208 1262 291 1325 lilico
305 1264 439 1341 largatus
454 1271 528 1328 tuuc
545 1265 718 1328 malefactor
731 1273 808 1329 crat.

162 1365 320 1430 lastiniam
342 1385 397 1448 pro
409 1385 441 1432 se
459 1367 593 1449 pathardi
613 1385 692 1449 sape
713 1371 892 1451 requirunt,

207 1475 266 1543 03²
278 1470 389 1534 Contra
408 1487 441 1534 sc
456 1470 608 1552 proprium
627 1491 687 1536 uon
700 1475 779 1536 volat
799 1475 879 1535 ullus
894 1491 971 1537 eam.

164 1570 319 1637 Aurclhas
333 1576 439 1652 longas
453 1573 642 1654 sergoutibus
661 1582 753 1654 atquo
767 1576 931 1655 uocabant,

207 1679 248 1740 Et
258 1679 336 1741 benc
347 1693 401 1758 pur
419 1685 516 1742 costas
527 1681 650 1743 uerbera
663 1681 759 1742 multa
771 1680 881 1742 dabant
894 1701 901 1758 ;

166 1783 208 1848 Et
227 1782 409 1848 carcerarius
431 1783 558 1847 sautavit
575 1792 677 1865 presto
688 1785 854 1866 irarrcstras²

208 1889 286 1952 Cum
301 1886 373 1951 vidit
391 1886 484 1950 socios
499 1887 651 1967 iusticiam
665 1907 747 1951 suos.

168 1992 438 2074 Pcrdcgaynabaut
458 2009 590 2072 caumas,
606 1997 696 2070 atquc
709 1995 851 2065 cotclios;

209 2097 380 2185 Arrancant
390 2097 527 2176 juvenes,
547 2096 666 2175 quaudo
678 2099 796 2178 polalha
812 2099 901 2162 valet.

165 2201 252 2262 Alias
270 2205 406 2278 tartugas
419 2197 532 2263 iaciunt
544 2200 702 2264 cscoudore
716 2208 827 2265 tostam
841 2252 849 2283 ,

207 2305 247 2366 Et
262 2309 448 2384 ratapcuatas
462 2310 549 2367 nocte
561 2310 646 2366 tuaro
660 2312 779 2385 putant.

168 2406 261 2468 Gram
275 2405 487 2484 mortalagium
500 2405 568 2487 viui,
584 2406 749 2486 chapiaudo
767 2409 881 2486 polotos
894 2455 901 2486 ,

210 2509 268 2571 Par
282 2507 452 2586 galliucrios
466 2511 566 2572 fumat
580 2510 699 2572 abilhus
711 2511 811 2572 homo.

170 2613 254 2686 Quod
270 2611 480 2691 griguotabaut
494 2629 547 2694 per
559 2612 660 2676 uuam
672 2628 760 2676 nemo
775 2611 922 2692 rugabat,

212 2722 270 2790 (ff
282 2717 340 2780 Sus
354 2718 447 2797 laque
460 2719 629 2782 bon-homo
643 2716 742 2780 rivere
754 2733 862 2796 guerra
877 2716 963 2778 solet.

171 2823 216 2884 Dc
229 2821 368 2887 domibus
386 2821 514 2903 propriis
526 2821 671 2886 Dominus
684 2828 758 2884 tunc
772 2835 832 2884 nou
848 2826 911 2882 crat
927 2819 1007 2882 ullus
1023 2869 1031 2899 ,

211 2926 342 2988 Mestms
355 2926 392 2989 de
406 2943 472 2990 casa
487 2941 567 3006 saepe
578 2927 694 2988 valetus
708 2931 783 2988 crat.

120 3102 122 3106 ¹
171 3029 229 3091 Per
242 3031 285 3090 las
297 3045 454 3112 maysouos
469 3027 616 3108 gittabaut
629 3035 720 3108 atque
734 3029 899 3106 fenestram

212 3135 345 3212 Quaeque
357 3134 464 3196 domus
477 3135 605 3197 semblat
617 3135 749 3212 qualque
762 3139 884 3196 taverna
897 3135 986 3200 mata.

171 3238 228 3300 Per
241 3241 334 3298 totam
346 3234 447 3299 viltam
465 3238 594 3316 populus
606 3253 638 3300 sc
650 3236 726 3299 torta
738 3235 858 3315 trafigat
871 3287 878 3315 ,

211 3339 277 3401 Nou
292 3348 419 3420 pausam
431 3339 521 3422 circs,
543 3347 629 3406 uoctc
643 3339 750 3422 dieque
761 3341 865 3406 tiraut.
