2538 4224
385 413 539 484 maumam
559 432 765 476 rurrraroms.
961 420 999 476 65

156 543 215 606 Huc
227 544 262 606 ad
276 545 442 608 masselum
459 543 546 607 duxit
566 561 620 608 uos
630 545 845 626 luduperarur‚

190 650 247 713 Nus
262 652 376 733 layssat
389 655 514 712 euectus
533 655 624 728 atque
637 649 734 730 perire
748 651 837 713 fame.

153 755 271 833 Propter
287 735 424 833 peccatos¹
435 751 560 815 ueniunt
574 751 696 815 aduersa
711 751 840 817 timenda
855 777 862 832 ;

188 856 277 919 Punit
291 863 322 919 et
337 855 540 936 omnipotens,
555 853 682 918 destruit
696 864 787 934 atque
800 860 905 920 malua.

123 971 127 978 ·
150 959 202 1021 Sed
217 961 297 1024 Deus
311 959 343 1022 in
358 958 456 1036 usalis,
475 961 591 1039 lunam,
608 960 762 1038 auremque
779 963 962 1039 gubernans.

186 1065 300 1127 Sardus
318 1071 384 1128 erat
398 1065 507 1143 samue,
524 1070 631 1127 cuncta
645 1063 735 1144 perita
751 1082 875 1143 negans.

146 1169 205 1231 Nun
219 1171 303 1249 juvat
318 1167 530 1249 Omnipotens,
548 1186 601 1232 nee
616 1169 961 1250 murmurmurmur,

187 1274 242 1348 Qu·
257 1277 407 1358 pupulum
421 1275 561 1354 raubant,
580 1280 610 1336 et
625 1292 678 1336 sua
693 1276 804 1354 templa
819 1285 924 1338 ruunt.

154 1379 273 1460 Guysas
287 1386 421 1442 sacratas
436 1381 538 1458 plures
553 1377 701 1440 destrurit
716 1377 892 1458 Aqueuses,

186 1481 231 1544 Ad
247 1481 350 1545 rissam
367 1480 460 1544 uoluit
472 1489 565 1560 atque
578 1482 682 1544 horare
696 1482 808 1543 focum.

48 1575 50 1580 ’
150 1587 189 1648 De
202 1587 310 1650 Seuera
329 1587 414 1648 Clara
429 1586 573 1648 moniales
588 1583 765 1662 relligiosa,

184 1689 263 1761 Quas
277 1696 347 1770 post
363 1690 533 1751 clausuram
548 1705 636 1751 nemo
651 1687 750 1750 uidere
763 1695 880 1767 polest;

149 1792 186 1854 m
200 1791 388 1872 Sarranum,
404 1793 595 1856 maruhantes
609 1792 646 1854 de
659 1791 735 1871 pade
748 1791 848 1869 nudo,

188 1897 244 1970 Qui
258 1913 418 1976 nunquam
431 1903 550 1960 cassant
565 1895 622 1958 rite
635 1910 759 1975 pregare
773 1897 888 1975 Deum3

153 2000 192 2063 De
205 2003 359 2065 Nazarerro
378 2001 574 2082 pulchrautes
588 2005 619 2061 et
639 1997 828 2079 Demicellae,

189 2105 261 2177 Quae
280 2103 491 2186 Krieleysunes
503 2113 590 2166 nume
604 2101 711 2182 dieque
723 2103 838 2166 eridaut
852 2154 859 2183 ,

150 2206 327 2284 angelicam
341 2205 460 2286 faciam,
476 2205 572 2268 sarius
586 2223 746 2286 moresque
759 2215 917 2285 tenentes,

190 2317 246 2383 [0²
259 2309 338 2392 (Nun
353 2315 508 2389 superaret
522 2326 573 2372 eas
587 2310 675 2389 June,
691 2309 837 2390 Miuerra,
850 2310 964 2388 Venus)

152 2411 225 2475 Cum
239 2411 379 2493 precibus
392 2409 511 2489 magnis
527 2409 660 2474 vicerunt
675 2412 907 2491 lnduperamem
925 2435 930 2473 :

191 2516 329 2594 Namque
342 2513 427 2578 aliter
441 2519 522 2578 ωηο
539 2512 608 2576 villa
623 2518 752 2576 cremata
766 2513 853 2576 feret.

154 2617 329 2682 Gendarmae
343 2619 493 2682 clamant:
510 2617 619 2680 donate
631 2614 740 2680 cibaria
755 2615 859 2695 nobis,

194 2725 295 2806 Cesar,
312 2743 366 2788 aas
379 2723 537 2804 morimur,
557 2743 612 2787 nos
626 2731 691 2787 tuat
705 2723 761 2787 ista
776 2725 868 2787 fames
886 2748 892 2786 :

155 2831 281 2908 Jejrmus
295 2818 473 2894 vearer'non
489 2828 621 2908 bustigat
632 2845 714 2892 arma
728 2828 875 2909 libenter,

194 2936 234 2998 Et
255 2941 364 3015 praeter
378 2941 518 3014 mortem,
539 2933 582 2996 nil
600 2951 687 3012 mage
703 2933 786 2998 triste
800 2936 888 2998 fame.

155 3039 248 3103 Nemo
262 3042 399 3102 valemus
410 3037 488 3119 erit,
504 3037 530 3101 si
543 3056 602 3102 nun
618 3037 770 3116 grignorat
788 3039 925 3120 abunde,

195 3143 234 3204 ut
249 3141 360 3204 virtute
373 3147 453 3206 earet
466 3140 526 3204 forr
539 3142 616 3204 bene
629 3157 772 3224 maygrus
785 3144 885 3206 hume.

154 3247 347 3326 Imperelaaor
358 3245 401 3310 ais
416 3242 569 3325 respoudit
587 3267 600 3307 :=·
615 3245 739 3324 quarite
758 3245 890 3327 rictum,

193 3347 349 3426 Griguelat
360 3351 471 3411 mullus
485 3354 599 3428 absque
617 3349 718 3412 labore
732 3352 837 3416 mede:

829 3460 846 3513 9
