2504 4240
230 409 269 468 ii
498 425 617 472 uerear
639 427 819 474 unrnnrnrss

228 537 524 616 Lansaquaneiururu
538 557 591 622 per
605 557 724 621 campos
736 541 833 604 banda
845 545 989 607 hrauabet
1004 593 1012 624 ‚

270 643 327 718 Qui
341 653 462 727 propter
476 645 580 710 vinum
594 665 654 711 uon
669 650 802 711 reuniare
816 651 914 714 solent
931 675 938 713 :

230 750 272 812 Lo
286 749 392 830 dringo
406 749 512 814 vinum
525 751 562 816 de
583 759 660 815 testa
674 753 761 816 dulce
774 753 917 818 bibebant
929 777 936 834 ;

270 853 327 926 Qui
341 855 417 918 bene
428 873 488 918 non
499 857 628 936 ehuriat,
645 857 819 936 belligerare
832 857 949 937 nequit.

230 957 360 1020 Multum
374 957 458 1020 inrtis
471 965 536 1020 erat
550 975 603 1020 sua
617 960 817 1035 i’avangardia
837 981 940 1042 grossa
954 1013 962 1044 ,

271 1061 310 1123 Et
326 1061 403 1124 bene
417 1061 533 1140 garnita
547 1061 644 1144 rayria
659 1064 750 1142 garda
766 1064 856 1128 simul
874 1089 880 1128 ε

231 1163 269 1226 Et
284 1162 341 1226 sihi
354 1179 462 1242 magna
476 1164 533 1227 init
546 1164 594 1228 hic
607 1166 757 1230 artilharia
773 1169 893 1248 granffls
908 1221 914 1248 ‚

270 1270 343 1342 Quae
357 1270 556 1350 desparrandu
570 1287 726 1336 murmura
741 1289 850 1352 magna
865 1275 965 1338 dabat.

229 1375 299 1437 Fert
314 1371 493 1436 s’estonahat
506 1377 635 1455 populus
653 1377 821 1454 eregnendu
835 1377 968 1441 furorem
984 1427 992 1458 ,

268 1477 309 1540 Et
323 1475 448 1557 pudieus
461 1475 570 1557 pressis
585 1477 764 1558 reffugiehat
783 1493 875 1556 euin,

229 1580 325 1660 Supra
337 1579 517 1659 i’esquinanr
533 1597 656 1659 magnus
671 1585 816 1663 portando
830 1591 975 1664 paqueros
991 1605 999 1661 ;

269 1683 402 1764 Quisque
416 1686 550 1750 maiadus
564 1689 654 1750 homo
667 1693 741 1751 tune
758 1687 899 1767 fugiendo
913 1692 1005 1753 iales.

231 1787 352 1853 Dicebat
366 1790 497 1855 medicus
512 1791 699 1854 Lavoneuius
716 1791 768 1855 ssle
781 1791 888 1855 vialius
903 1843 910 1873 ,

271 1892 406 1956 Virtutes
421 1910 538 1972 grossas
554 1893 687 1974 suggerit
704 1893 768 1976 ipse
782 1893 883 1958 timor.

231 1997 361 2084 Vidisses
375 2005 486 2062 matres
499 1999 629 2063 insanies
643 2000 720 2064 ferre
734 1999 861 2080 peiii0s;

271 2100 394 2164 Brachia
408 2117 479 2164 eurn
493 2101 604 2164 bressis
622 2109 700 2166 testa
715 2103 832 2166 dolebat
850 2101 903 2166 eis.

230 2206 375 2285 Tempore
388 2205 424 2268 de
437 2207 528 2283 iongu
543 2213 731 2286 pregnantes
745 2211 775 2270 et
789 2205 932 2270 mulieres

270 2308 327 2370 Per
341 2307 420 2370 vicos
434 2315 520 2371 natos
534 2295 611 2372 tune
623 2327 765 2390 peperere
778 2327 849 2372 suos
868 2332 874 2371 :

232 2412 273 2474 La
287 2417 421 2474 matrona
436 2413 523 2491 tagax
536 2429 596 2475 nun
608 2413 800 2476 suueurrebat
811 2419 843 2476 ei
856 2411 916 2475 iliis
929 2435 936 2490 ;

274 2513 322 2578 Sin
334 2513 398 2580 sine
419 2514 567 2596 baptismo
581 2531 662 2578 mors
676 2514 808 2596 rapiebat
823 2533 884 2580 eos.

233 2617 290 2680 Per
304 2624 420 2682 rnontes
438 2618 533 2698 ibant,
549 2621 626 2682 alins
642 2618 811 2698 cerquandu
825 2620 971 2701 inustus,

275 2721 403 2785 Baumas
417 2723 568 2802 obscuras,
589 2723 648 2784 alia
666 2738 782 2786 rouassa
796 2739 934 2802 quoque3

233 2823 410 2896 Querebant
428 2827 532 2889 boscus
546 2827 737 2906 ienebros0S‚
755 2825 816 2890 sive
830 2829 961 2908 uolatus,

273 2929 330 2993 Per
351 2948 426 3010 quos
440 2949 525 2994 rarus
539 2932 628 2994 homo
647 2937 746 3011 possut
760 2929 869 2994 habere
881 2929 971 2992 viarn.

233 3031 317 3095 Tunu
330 3033 367 3095 ad
380 3033 567 3114 propositum
580 3031 661 3098 uenit
675 3035 834 3113 espelunea
848 3035 1001 3095 latronum
1016 3053 1026 3110 ;

274 3135 322 3198 Ad
336 3143 483 3216 punctum
494 3137 619 3202 veniunt
634 3136 761 3218 pessima
776 3153 855 3217 saepe
869 3135 966 3200 bunis.

233 3237 309 3301 Curn
323 3237 415 3300 bessis
426 3239 523 3303 brutis
537 3241 685 3304 iaciebant
703 3240 791 3302 dulae
805 3253 968 3320 repansum
984 3287 994 3319 ,

275 3341 322 3406 Ad
331 3327 432 3404 'costas
446 3343 556 3406 durunr
571 3351 649 3408 terra
662 3342 759 3407 cubi-le
773 3343 872 3406 dabat.
