2504 4240
385 449 540 503 commem
562 449 769 496 rnrnnnroars.
965 435 998 494 dt

138 556 203 619 Non
219 558 439 622 trottare-taoit
453 559 621 640 borrellus,
637 561 757 641 quando
771 561 863 623 indat

177 659 315 724 Tantdm
335 664 482 741 latrones,
498 662 551 741 qui
564 664 641 727 bona
656 671 756 726 nostra
773 664 900 742 rebant,

137 762 297 835 Quantdm
312 764 459 829 fecissent
473 764 561 830 illum
575 769 714 846 galopare
728 773 895 829 retrorsum

178 865 223 930 De
237 867 321 932 bene
340 869 467 950 metim,
488 887 575 932 sensa
590 868 693 932 dinare
713 868 800 932 nihil.

137 967 319 1035 Fessassent
333 972 423 1036 illum
439 971 558 1037 tantiam
572 992 624 1055 per
645 991 753 1054 eorpus
767 981 797 1038 et
811 991 899 1038 aures
913 1024 920 1054 ,
943 977 945 982 '

175 1072 265 1147 Qudd
279 1074 342 1138 sibi
356 1075 501 1158 perpetuo
514 1078 648 1140 membra
667 1077 786 1140 dolente
800 1078 909 1140 forent.

139 1177 317 1243 Parrhisius
333 1183 417 1244 solus
430 1182 541 1246 taceret
555 1187 677 1244 eentum
697 1179 850 1259 legiones}

177 1284 336 1348 Prendere
351 1303 409 1349 non
432 1292 542 1365 posset,
562 1285 659 1364 erede,
682 1281 799 1347 diablus
813 1299 890 1348 eam.

140 1384 319 1452 Parrhisius
335 1387 457 1467 grandis
470 1396 517 1452 est
535 1387 615 1452 certe
634 1393 663 1453 le
677 1387 835 1451 Paradisus

180 1493 354 1558 Praesentis
368 1495 489 1573 mundi;
515 1503 558 1560 tot
577 1498 718 1577 populare
731 1501 825 1558 tenet.

140 1594 226 1658 Ultra
247 1597 380 1676 parlarit
393 1599 472 1677 quod
493 1601 603 1663 nollem
620 1597 718 1662 dicere
731 1593 840 1674 Vobis,

182 1697 243 1760 Sed
267 1706 384 1762 secreta
398 1698 485 1762 modia
499 1702 582 1762 nulla
592 1701 699 1763 tenebo
714 1697 781 1762 sihi.

145 1799 193 1864 Ad
213 1807 367 1883 populum
381 1811 480 1868 totum
494 1803 727 1882 dirergognatus
740 1801 770 1864 in
783 1799 826 1864 iri
839 1850 847 1881 ,

186 1906 347 1971 Follissias
361 1909 489 1986 grandes
504 1908 702 1988 glorefioando
715 1908 806 1971 refert
831 1929 836 1967 :

147 2007 189 2072 Le
203 2011 261 2076 Roi
276 2014 316 2076 de
329 2011 440 2076 Fransd
455 2030 525 2077 mon
540 2013 630 2076 Frere
643 2029 692 2076 me
706 2011 794 2076 modd
809 2019 906 2077 cessat
919 2034 926 2090 3

188 2114 228 2178 Et
244 2124 350 2181 tamen
368 2115 547 2196 ignoroque
566 2117 680 2181 ratione
697 2115 777 2181 tacit.

147 2215 231 2282 Bella
247 2219 325 2284 mihi
342 2237 499 2300 nunqnam
518 2220 693 2301 promiserat
706 2224 768 2284 ulla
782 2238 922 2299 movere;

189 2324 375 2389 Promissam
390 2325 497 2404 quaerit
509 2326 571 2405 jam
585 2325 698 2390 variare
711 2326 812 2390 tidem.

151 2426 403 2514 Embayssatores
422 2430 503 2494 misit
517 2447 683 2512 proponere
695 2447 799 2511 pacem
814 2480 821 2512 ‚

193 2531 222 2594 Α
236 2551 310 2597 mon
324 2531 518 2614 daumagium
532 2551 602 2613 gros
616 2535 693 2596 bene
706 2540 803 2597 eercat
820 2549 898 2596 eam.

154 2631 241 2704 Quod
252 2639 330 2716 vult,
343 2635 407 2718 ipse
418 2639 485 2700 vnio
502 2659 508 2700 :
525 2638 604 2719 quod
620 2654 680 2700 non
692 2637 769 2715 vult,
783 2637 840 2698 hoo
853 2651 909 2714 ego
923 2635 1008 2699 nole:

195 2741 258 2806 Nos
277 2759 383 2806 sumus
397 2743 545 2822 aeoordes,
561 2761 617 2823 pax
634 2749 733 2804 tamen
754 2738 818 2822 ipsa
831 2742 915 2803 latet.

156 2843 274 2910 italiam
288 2845 374 2928 petit,
395 2845 511 2910 ltaliam
525 2845 567 2911 sio
579 2847 644 2927 ipse
657 2845 777 2926 requiro
792 2867 798 2908 :

196 2950 265 3014 Non
277 2949 365 3013 mihit
379 2951 469 3014 donat
482 2967 560 3029 eam,
577 2968 635 3013 non
651 2968 706 3029 ego
718 2952 794 3014 dono
814 2948 880 3014 sibi.

157 3049 224 3114 ileu
236 3054 243 3114 1
258 3070 313 3133 pro
327 3069 399 3133 paee
409 3051 488 3116 hond
506 3052 587 3116 volui
600 3053 711 3116 donare
725 3069 857 3116 sororem

199 3155 235 3216 ln
253 3153 500 3237 demarihagium,
516 3156 595 3234 quod
609 3153 684 3218 mihi
698 3153 754 3220 rite
768 3157 874 3237 placet.

159 3253 344 3334 sarnanum
358 3255 443 3320 nobis
457 3275 563 3320 rursus
576 3257 686 3320 donare
699 3258 813 3320 laborat
829 3306 836 3337 ‚

200 3357 285 3438 Saepe
303 3357 443 3444 minando
464 3357 549 3440 mihi,
571 3357 768 3439 militiamque
781 3367 884 3441 parat3
