2538 4224
261 411 299 471 di
525 428 644 471 uniens
666 428 845 473 uurnsrarsn

260 535 423 601 Testieuies
437 536 495 600 iltis
508 545 592 600 extra
605 538 642 600 de
661 545 764 602 ventre
783 537 910 600 tirabant
924 559 931 614 ;

299 639 376 702 Cum
390 639 484 704 cordis
500 640 582 702 ratde
600 647 675 702 testa
694 639 784 719 ligata
798 639 873 717 iuit;

259 747 315 808 Per
334 753 439 826 putens
451 744 574 825 pedibus
591 746 737 826 pendutes
751 747 836 810 eorda
851 746 992 817 tenebat,

298 848 398 927 Atque
412 849 521 929 pedum
535 866 655 911 earnem
667 850 785 911 damma
800 850 950 912 cremabat
963 849 1019 912 eie.

259 954 318 1016 Des
339 969 446 1034 mayns
459 953 495 1016 da
509 951 612 1014 riileus
626 953 763 1015 defendat
777 971 831 1015 nes
844 953 935 1032 Deus,
951 970 1057 1016 amnes

297 1053 457 1116 Amassant
470 1061 585 1133 genteS,
601 1061 630 1118 et
645 1053 758 1117 ratione
770 1063 882 1118 carent.

256 1155 366 1218 Saldati
380 1155 504 1220 timeant
518 1176 674 1239 paysanos,
690 1146 716 1219 si
729 1156 804 1220 mihi
821 1159 941 1222 credant
954 1178 962 1240 ;¹

293 1261 357 1324 Nun
373 1277 405 1322 se
418 1261 520 1323 rendat
538 1261 592 1340 eis,
608 1260 661 1340 qui
674 1264 806 1324 reeulare
820 1269 928 1342 petest.
958 1247 961 1251 ’

256 1364 332 1427 Rara
348 1364 421 1426 fides
435 1363 466 1425 in
480 1361 523 1426 eis
537 1371 641 1427 nsatnr
659 1371 793 1444 tempore
806 1372 928 1446 nostro,

293 1467 436 1531 Militibus
453 1466 540 1531 bodie
558 1485 698 1548 rumpere
712 1475 797 1548 pacta
812 1471 921 1532 soient.

254 1569 441 1634 Prodemiam
460 1577 573 1634 veteres
588 1577 745 1650 portarunt
759 1569 790 1633 iu
808 1570 981 1634 Paradisum
994 1593 1004 1649 ;¹

293 1676 461 1742 Chatariam
478 1676 609 1739 mundns
624 1693 704 1739 nune
722 1675 808 1755 quasi
826 1683 907 1738 tetus
921 1678 1023 1741 babet.

254 1783 335 1843 iuter
356 1781 483 1844 saldatos
498 1781 641 1858 regnabat
655 1780 714 1842 tert
727 1780 804 1842 bona
819 1796 948 1860 guerra,

293 1885 363 1945 Post
377 1883 485 1946 iuriam
500 1884 602 1945 nullus
618 1863 715 1945 morte
732 1888 833 1944 tuatus
847 1887 929 1960 erat;

252 1987 308 2048 Per
323 1979 499 2066 prisoneries
511 2003 615 2049 omnes
635 1985 686 2048 sed
707 2003 739 2048 se
752 1983 934 2064 retirabant,

291 2087 460 2152 Praesertim
473 2096 577 2170 eaptus
596 2091 714 2168 quando
729 2091 844 2153 valebat
856 2092 957 2153 home.

252 2191 308 2254 Sed
324 2189 387 2253 sine
398 2190 512 2254 defectu
532 2191 632 2256 euneti
646 2210 678 2256 se
692 2191 924 2272 saquegiabant,

290 2295 474 2375 Baggagium
488 2303 586 2360 tetum
600 2306 673 2361 tune
686 2297 863 2378 remerenda
874 2298 988 2367 bonum
1003 2320 1011 2360 :-

250 2397 298 2463 Ad
316 2389 454 2479 eampum
467 2417 573 2464 rursus
592 2401 750 2467 toruabant
767 2401 886 2480 quando
900 2400 1058 2476 velebant,

290 2512 347 2580 π
357 2506 474 2586 Spagna
488 2507 597 2570 bonam
609 2523 748 2585 guerram
759 2524 876 2587 semper
890 2505 1002 2584 ubique
1019 2504 1099 2568 tacit..

250 2607 289 2670 Et
303 2607 376 2671 mibi
390 2607 415 2671 si
430 2607 521 2690 dican,
540 2607 645 2672 saldati
658 2625 711 2672 eur
726 2606 782 2671 sibi
797 2615 943 2689 pareunt,

290 2714 351 2778 Hae
364 2715 453 2777 brere
466 2731 643 2794 responsum
657 2715 706 2777 dat
720 2729 786 2776 mea
804 2729 891 2775 musa
905 2710 980 2776 tibi:

251 2817 320 2896 Ung
333 2820 422 2898 lupus
433 2817 463 2880 in
480 2817 591 2898 eampis
605 2817 709 2880 leubus
728 2835 787 2880 nen
803 2814 936 2894 mangiat
952 2833 1098 2898 unquam,

290 2925 402 2986 Prarus
421 2931 633 3005 amatprav0s‚
655 2930 685 2986 et
700 2924 796 2986 bonus
807 2921 871 3002 ipse
882 2923 987 2986 bones.
1055 2917 1059 2924 ⁴

250 3030 307 3092 Sed
321 3037 420 3093 tamen
433 3030 558 3094 ulterius
571 3048 622 3092 vos
635 3031 691 3092 hnc
709 3027 807 3090 audite
820 3030 954 3106 tegentes
967 3076 974 3108 ,

290 3133 362 3206 Quae
374 3132 443 3196 feeit
456 3132 531 3212 Regi
545 3130 639 3213 patria
653 3132 712 3194 fida
729 3149 793 3194 sue.

247 3237 324 3298 Cum
337 3236 401 3298 Rex
420 3235 587 3316 d’Espagna
602 3238 783 3299 Provensam
803 3232 925 3296 intravit
940 3233 970 3295 in
985 3230 1098 3310 istam,

289 3339 374 3400 ittam
384 3340 535 3418 pensando
553 3357 669 3421 semper
683 3340 792 3402 babere
805 3331 890 3400 suam
907 3359 913 3398 :
