2538 4224
245 433 284 492 58
513 448 637 492 narona
658 444 835 492 anmnrnrsr

244 564 302 624 Pro
321 559 514 640 valhcntesis,
534 577 610 640 quas
625 559 695 624 iecit
708 562 769 623 huc
782 555 949 637 veniendo,

281 663 346 726 Non
362 663 449 726 morlo
467 663 621 743 oportebat
635 667 680 724 tot
693 677 847 725 remanere
865 657 979 738 pronis.

245 767 392 832 Palatium
406 766 497 847 Regis
515 769 677 848 pulchrum
690 763 821 829 brulavit
835 763 999 842 Aquense,

188 897 192 906 ⁴
284 870 327 933 lle
341 872 416 934 coelo
430 871 532 934 stellas
552 869 653 948 roggie
668 870 787 932 flamma
802 872 902 944 locat;

245 975 288 1038 lle
301 975 492 1038 Parlamento
505 976 616 1038 bancos
631 990 735 1037 omnes
749 969 967 1049 Dominarum,

284 1076 385 1157 Queis,
400 1077 472 1139 dum
486 1075 629 1156 justiciat‚
645 1074 726 1140 curia
741 1091 822 1138 sacra
835 1073 938 1153 sedet,

246 1183 383 1248 Caderias
397 1184 517 1261 virides
533 1193 563 1248 et
582 1181 737 1264 lapissaria
755 1183 899 1262 pulchra,

285 1288 358 1361 Quae
371 1288 609 1367 perhonestando
623 1289 743 1350 cambra
760 1287 876 1350 burella
890 1289 995 1364 tenet,

245 1393 318 1466 Quae
333 1390 436 1469 gardat
450 1407 575 1471 causas,
591 1407 660 1469 quae
674 1397 745 1453 sunt
758 1407 848 1470 supra
861 1391 891 1452 lo
904 1389 1080 1468 burellum,

285 1493 458 1558 Muscararit
472 1511 549 1572 eam,
566 1494 794 1572 merdagolando
808 1493 918 1556 solum.

248 1601 353 1663 Postea
369 1600 529 1663 demandat
543 1603 652 1676 totum,
670 1597 845 1676 seriumque
858 1597 1025 1676 Senatum,

286 1703 324 1766 Se
338 1720 391 1784 per
404 1719 475 1766 enm
489 1703 578 1764 uellet
592 1699 746 1763 consiliaro
760 1701 847 1763 beno.

247 1807 451 1870 Chasseneum
465 1803 589 1884 quaerit,
609 1804 780 1866 llossurum
792 1805 823 1866 lo
836 1801 1037 1868 Pricidentem
1052 1852 1061 1885 ,

287 1908 342 1972 Cui
355 1916 476 1990 propter
491 1906 624 1972 studium
644 1906 735 1986 grisia
747 1915 823 1972 testa
836 1916 938 1973 manet
951 1959 958 1990 ‚

247 2015 286 2078 Et
301 2029 457 2093 nunquam
471 2021 567 2076 cessat
581 2015 692 2092 legales
707 2012 947 2091 collocationes,

284 2117 422 2179 Bartolus
436 2116 511 2176 alter
529 2114 623 2194 adest,
640 2114 739 2178 omnia
751 2115 819 2194 jnra
832 2112 919 2194 sapit.

243 2220 355 2283 Eterna
370 2217 498 2299 scripsit,
512 2226 542 2282 et
560 2219 650 2298 digna
663 2220 813 2284 volumina
827 2221 935 2298 cedro,

282 2325 407 2403 Propter
425 2322 589 2387 doctrinam
604 2339 713 2388 nomen
728 2324 764 2388 ad
778 2331 858 2388 astra
872 2325 963 2387 volat.

243 2432 368 2512 Semper
380 2431 437 2496 erit
451 2433 548 2510 vivus,
569 2435 641 2498 vivit
655 2444 723 2516 post
737 2437 842 2501 funera
855 2436 950 2500 rictus
967 2457 974 2499 :

285 2535 423 2609 &Mors
436 2537 566 2602 hominis
580 2540 683 2602 laudes
697 2543 780 2603 nulla
795 2557 901 2604 necare
914 2545 1024 2620 potest.

245 2640 287 2703 De
298 2641 487 2706 Parlamento
501 2641 643 2705 Dominos
654 2659 818 2722 omnesque
832 2641 978 2724 requirit,

286 2744 343 2818 Qui
357 2754 475 2825 gastant
490 2747 593 2825 libros,
614 2745 644 2808 in
661 2747 818 2810 studiando
832 2745 921 2810 nimis
936 2769 943 2809 :

247 2848 360 2930 Balbis,
377 2847 545 2928 Senacium,
562 2847 722 2928 llaupedis,
738 2855 829 2927 atquc
842 2848 1018 2928 somatum,

178 2973 183 2981 ·
287 2954 453 3034 Masanum,
471 2955 592 3034 Sallam,
606 2953 782 3033 Glandeves,
802 2961 892 3033 atque
906 2953 1058 3033 Fabrum,

245 3056 432 3135 uorandum,
446 3060 554 3122 clamat
568 3064 598 3122 et
610 3056 793 3122 d'Auenione
804 3057 994 3134 Rolandum,

286 3162 425 3225 Sanctam
438 3161 661 3242 Margueritam,
677 3153 1037 3244 Barraciumque‘simul,

248 3264 454 3345 [loneaudum
475 3265 586 3345 paritor
597 3265 787 3345 Rascassum‚
805 3264 865 3329 sive
879 3265 1037 3346 Bagamis3

287 3367 448 3434 Sollicitare
462 3372 540 3435 volet
554 3369 770 3452 consiliumque
790 3387 890 3436 suum.
