2504 4240
234 455 271 514 42
498 463 619 508 amaena
639 461 820 508 aaaaaemsa

227 583 274 646 Aa
289 587 407 644 sanctos
421 595 524 642 omnes
538 579 599 657 iarn
612 593 682 639 eum
696 575 842 655 gravitate
859 576 1021 655 loquabat,

269 681 425 747 Auxilium
439 681 559 745 tandem
573 682 660 744 eorde
675 680 802 761 petendo
817 695 908 742 suum
921 700 928 757 ;

230 787 269 852 Et
283 795 365 852 tenet
379 789 415 851 ad
430 795 534 866 gentes
549 803 683 864 grossam
700 787 842 866 parlando
857 789 1006 864 grat-etam
1021 834 1027 864 ,

269 895 308 958 Ut
325 893 361 956 de
375 893 509 976 Savoyha
524 900 611 970 genta
627 894 778 956 Duehessa
793 890 875 954 facit.

227 995 292 1058 Non
306 1001 391 1057 curat
405 1000 503 1056 tantas
518 994 678 1072 gravitates
692 995 772 1074 Papa
786 992 959 1072 benignus,

266 1098 379 1160 Paulus
393 1098 429 1160 de
442 1098 536 1160 Roma
551 1095 658 1160 tertius
679 1096 738 1160 iste
751 1098 859 1160 bonus.

226 1209 265 1270 Et
277 1215 380 1272 eontra
393 1207 537 1269 Fransarn
551 1221 583 1267 se
596 1204 787 1267 corrossando
803 1220 855 1284 per
869 1202 945 1265 iram
961 1251 968 1280 ‚

265 1313 387 1376 Dicebat
404 1334 410 1374 :
427 1310 531 1373 faciam
546 1309 638 1389 mille,
655 1309 770 1372 remille
784 1311 863 1371 mala
880 1330 886 1369 :

223 1417 310 1480 Petra
324 1433 414 1496 super
429 1420 543 1494 petram
557 1415 626 1492 plus
640 1431 700 1474 non
715 1419 778 1476 erat
792 1414 854 1474 ulla
869 1410 971 1474 relicta
987 1431 994 1488 ;

260 1516 386 1592 turavit,
406 1533 458 1596 per
472 1532 521 1578 me
535 1513 628 1579 Gallia
642 1523 705 1579 tota
720 1521 798 1578 ruet.

221 1622 407 1685 Eschaltatus
421 1628 495 1701 erat,
512 1638 629 1700 grossas
643 1619 775 1684 faciendo
789 1636 942 1683 manassas
956 1668 963 1699 ,

260 1725 300 1788 Et
316 1743 369 1787 sua
384 1725 512 1787 susando
527 1731 602 1787 testa
617 1722 730 1803 gitabat
743 1741 850 1802 aquas.

221 1826 279 1889 Sed
291 1832 391 1888 tamen
404 1826 440 1888 ad
453 1839 567 1903 verum,
581 1843 642 1888 non
653 1841 721 1908 moy
732 1825 882 1887 truffando
895 1842 949 1905 per
962 1824 1075 1906 ipsum,

260 1925 408 2006 Principio
422 1929 553 1989 multum
568 1927 695 2007 quisque
709 1926 833 1990 timebat
847 1944 929 1989 eum.

221 2031 552 2103 Contremuereomnes
565 2080 572 2111 ,
586 2039 744 2112 postquam
757 2032 819 2110 jam
834 2031 913 2093 fama
927 2039 1076 2110 vagatur,

258 2135 315 2197 Per
330 2141 423 2198 totam
440 2137 583 2198 Fransam
598 2153 704 2214 guerra
718 2142 843 2199 eruenta
857 2134 954 2198 venit.

216 2239 291 2301 Gara
305 2255 387 2318 gara,
403 2239 520 2317 fugiant
534 2247 650 2319 genteS,
668 2241 832 2302 marmalha
847 2237 1004 2317 eridabat,

253 2341 358 2403 Paesto
372 2358 461 2403 suurn
476 2343 580 2420 salvet,
595 2341 838 2420 baggagiumque
853 2341 980 2402 bonum.

214 2445 291 2506 ltlud
305 2463 358 2525 per
371 2453 477 2526 terras,
495 2463 546 2526 per
561 2461 663 2508 muros
678 2447 724 2507 vel
738 2447 767 2507 lo
782 2451 929 2523 soterret,

253 2546 292 2609 Ut
306 2546 412 2611 melias
428 2547 545 2628 poterit,
561 2549 695 2629 haelapet
709 2554 800 2626 atque
813 2549 901 2610 bene.

214 2651 290 2714 Nam
310 2651 390 2716 venit
403 2651 435 2714 in
448 2653 591 2715 Fransam
605 2669 679 2729 gran
691 2653 800 2714 tannes
815 2650 865 2712 ille
879 2648 1011 2731 gtponus
1026 2696 1038 2725 ,

253 2753 311 2826 Qui
324 2755 434 2817 durum
448 2755 560 2817 ferrum
575 2753 718 2832 mangiat,
734 2769 816 2816 arma
831 2751 922 2814 simul
941 2774 948 2814 :

213 2853 369 2937 Maysones
382 2858 484 2920 fumat
498 2874 629 2934 cereanS,
645 2863 674 2919 et
688 2863 794 2920 cuncta
810 2853 926 2936 rapinat
939 2903 947 2934 ,

254 2957 294 3020 Et
308 2959 409 3041 foygat
425 2967 528 3036 terras,
543 2977 596 3039 pro
611 2956 733 3021 retirare
747 2959 851 3033 robas3

213 3061 253 3123 Et
266 3062 360 3124 tardat
376 3064 530 3142 populum,
549 3061 674 3141 quinon
690 3067 802 3124 secreta
817 3061 949 3138 revelat,

253 3163 394 3237 Quamvis
409 3182 462 3243 pro
477 3173 557 3228 cetto
572 3163 690 3229 nescius
704 3163 768 3244 ipse
784 3163 867 3226 seiat.

215 3265 379 3330 Testieulos
394 3265 550 3330 hominum
564 3269 713 3346 detrabat,
730 3266 791 3330 sive
805 3267 945 3329 colhonos
959 3286 966 3342 ;

255 3371 387 3433 Tantum
402 3386 471 3433 eum
487 3371 582 3433 cordis
602 3388 709 3448 guerra
725 3369 813 3434 tirare
827 3368 908 3433 facit.
