2538 4224
395 432 550 486 carcerom
572 435 777 482 rnrrnlrurns.
973 427 1011 486 59

148 542 216 622 lpse
235 545 349 606 malam
360 559 481 608 causam
499 547 659 624 cregnebal
678 563 797 628 semper
812 549 938 628 nalem

188 648 284 710 lllum
296 649 460 713 defendunt
473 649 572 713 omnia
582 653 650 731 jura
666 653 753 718 nihil.

149 750 217 830 lpse
231 751 351 816 bonum
365 761 462 817 cercat
481 771 535 835 per
547 773 665 836 semper
679 759 789 824 hahere
799 761 930 826 lavarem
947 783 955 824 :

187 856 305 922 iudicis
319 857 451 922 officium
465 862 561 924 mulla
578 861 683 938 jurare
696 869 806 943 polest.

144 961 265 1026 Ponere
277 979 452 1043 processum
470 965 560 1027 vellet
575 983 665 1046 supra
681 968 708 1030 lo
720 969 893 1050 burellum,

182 1067 332 1149 Especias
347 1070 449 1147 largas
460 1071 575 1133 solvere
589 1073 678 1135 vellet
692 1072 745 1136 eis.

147 1171 228 1235 Sunt
243 1171 427 1252 Servantinl,
443 1173 592 1236 mundum
607 1174 721 1240 ratione
735 1179 905 1256 gubernant
919 1202 926 1256 ;

185 1276 249 1340 llos
267 1276 347 1340 bene
358 1278 490 1340 reclusos
504 1278 626 1340 cambra
640 1279 756 1342 burella
774 1287 868 1344 tenet.

154 1375 217 1440 lllis
232 1377 419 1458 campali0r3
440 1385 485 1444 tol
503 1380 615 1443 habent
628 1398 683 1460 pro
701 1387 791 1460 genle
804 1384 939 1464 labores,

140 1539 145 1548 .
189 1480 355 1544 iusticiam
370 1482 485 1546 cunctis
505 1500 558 1563 pro
571 1483 703 1548 iaciendo
722 1485 842 1548 bonam.

146 1585 340 1666 Guarhugics
356 1587 514 1652 hominum
534 1586 665 1668 sapiunt,
681 1606 845 1668 omnesque
866 1593 1012 1672 querelas,

184 1691 346 1757 Facherias
360 1693 488 1771 grandes
504 1695 532 1756 la
542 1711 604 1764 ‚sua
620 1701 695 1757 lesla
711 1693 800 1757 ridet.
917 1714 921 1722 ·

145 1795 185 1858 llt
199 1796 341 1875 quamvis
359 1795 488 1860 drictum
502 1795 622 1876 iaciant,
643 1803 677 1858 ul
690 1798 758 1876 jura
772 1798 971 1874 comendam,

184 1911 244 1977 εὔ·
258 1902 407 1966 Omnibus
419 1901 451 1963 in
463 1902 576 1964 mundo
588 1917 675 1964 nemo
689 1903 806 1981 placere
817 1909 926 1982 polest.

145 2004 185 2068 Et
200 2005 404 2069 Garsonelum
423 2005 551 2082 gardans
565 2022 619 2084 pro
635 2004 717 2082 llege
730 2007 897 2086 sagellum,

182 2107 238 2172 Hic
252 2108 286 2170 in
300 2109 448 2170 Provensa
462 2105 579 2186 publica
596 2108 674 2170 lama
688 2114 792 2185 sonat;

142 2211 236 2276 Nunc
250 2229 389 2294 pereum
399 2213 477 2276 hene
496 2209 685 2274 Chauceleria
706 2219 808 2275 neslra
823 2213 1001 2294 triumphat,

185 2315 256 2395 lpse
271 2315 420 2391 gubernat
434 2327 500 2375 eam
519 2327 589 2374 cum
606 2310 719 2376 raliona
734 2313 821 2376 bona.

143 2416 308 2480 Pcrlalranl
326 2413 400 2478 varii
412 2417 522 2478 lettres·
531 2414 567 2477 de
581 2412 705 2478 crimine
719 2431 837 2492 grassas
851 2437 858 2492 ;

182 2521 259 2584 Vult
273 2520 491 2601 perdonansam
504 2535 612 2598 pravus
626 2517 738 2582 habere
752 2533 837 2584 suam
854 2542 860 2582 :

142 2625 244 2705 thue
256 2625 426 2704 capellanus
440 2620 526 2686 nubis
540 2619 710 2701 peccamina
725 2621 823 2702 parcit

182 2728 217 2790 ln
232 2726 436 2804 ccnlessando,
451 2725 535 2802 iussa
554 2725 707 2802 sequendo
721 2724 795 2804 llei,

144 2828 192 2894 Sic
208 2831 403 2907 Garsonelus,
423 2826 476 2906 qui
496 2845 579 2922 nunc
598 2845 652 2908 pro
671 2828 754 2907 Rege
768 2827 898 2907 sigillat,

183 2935 239 2999 llic
257 2933 374 2997 miseris
392 2931 485 3013 parcit
499 2930 623 2996 crimina
638 2949 717 3012 saepe
731 2931 800 2996 reis.

143 3040 208 3120 lpse
223 3041 404 3119 gubernares
420 3046 519 3102 tolum
534 3038 676 3116 sagaciter
690 3039 794 3100 orbem
809 3087 815 3115 ,

181 3131 358 3208 innumeros
373 3159 479 3207 sensus
492 3145 520 3204 la
536 3159 589 3204 sua
603 3148 680 3204 lesia
697 3148 791 3205 tenet.

141 3247 228 3313 llunc
241 3266 296 3328 ego
309 3247 451 3313 continue
465 3247 521 3310 sub
537 3251 640 3313 nostre
654 3249 774 3325 pectore
788 3253 874 3326 pcrle
888 3296 894 3326 ‚

180 3355 239 3418 Nec
252 3360 317 3435 pasl
332 3355 360 3417 la
375 3359 502 3416 mortem
517 3356 618 3414 noster
630 3347 722 3413 abibit
734 3367 836 3428 anaor3
