2538 4224
262 363 299 420 ht
525 378 645 421 urruns
667 378 847 424 nnnnnrnrsa

261 487 317 547 Per
329 491 427 548 totum
447 485 594 547 mundum
614 485 717 549 rietrix
731 487 880 551 Prurensa
896 491 1054 572 rahalhat,

300 589 357 651 Per
370 605 463 663 mare,
484 605 536 669 per
551 595 674 670 terram,
695 589 750 653 seit
764 608 914 656 reeroeare
929 595 1029 657 rohas.

263 693 319 755 Les
334 693 408 754 hens
427 691 463 754 de
477 693 579 774 gleyso
594 691 745 771 grignotat
763 712 864 772 grassa
884 695 1015 778 ribalda‚

298 804 355 872 (ff
368 797 552 878 Pauperibus
566 797 677 861 Christi
696 807 780 880 porta
800 789 918 864 reclusa
942 810 1056 866 manet.

259 903 387 965 Barraba
406 905 482 964 latro
497 900 573 978 fuit;
592 900 633 964 sic
653 905 749 982 pariat
762 902 865 967 Passio
884 901 1018 980 Christi;

300 1007 406 1068 Plures
425 1004 609 1068 Barrahanes
622 1021 730 1082 guerra
742 1007 869 1086 truanda
883 1012 998 1069 menat.

258 1108 318 1171 Hor
329 1123 488 1171 commune
498 1109 622 1185 malum;
635 1115 740 1186 gentes
750 1125 855 1172 omnes
866 1113 954 1175 modo
972 1116 1115 1178 rauhant:

297 1214 474 1286 &Nullus
493 1213 583 1274 habet
598 1214 706 1275 ranhas
721 1231 812 1294 nune,
837 1213 894 1277 nisi
915 1218 1022 1282 rauhet
1041 1237 1102 1283 eas.

262 1317 328 1397 ipse
347 1319 420 1381 duos
439 1324 559 1380 tanturn
579 1319 710 1380 latrones
731 1316 867 1380 Christus
886 1321 1034 1401 hahebat;

302 1420 360 1482 Sed
378 1418 465 1482 hodie
483 1436 601 1498 gnerrae
615 1418 697 1482 mille
711 1419 826 1483 remille
843 1428 965 1486 tenent:

256 1523 294 1586 Et
307 1524 436 1603 populus
450 1524 569 1602 clamat,
590 1523 708 1601 quando
722 1523 856 1603 fauragia
871 1525 968 1606 perdit
980 1545 987 1603 ;

297 1628 336 1690 Se
349 1625 435 1706 quasi
448 1627 596 1707 desperat,
617 1643 687 1689 eum
707 1645 763 1690 sua
776 1627 884 1691 damna
897 1629 986 1693 ridet.

258 1733 363 1797 Ponite
378 1731 525 1812 pelliciam
537 1731 595 1794 fort
610 1732 730 1812 fortem,
745 1731 924 1810 jrrstieiando
939 1757 945 1796 :

297 1843 354 1911 (Ε
369 1834 524 1899 iusticiam
534 1833 644 1897 taciens
659 1833 704 1896 vir
718 1834 892 1899 benedictus
906 1835 973 1900 erit.

260 1944 317 2008 Sed
332 1950 432 2005 tamen
447 1942 483 2004 ad
498 1939 652 2004 Christum
666 1939 736 2003 feeit
747 1957 821 2018 gran
836 1940 1115 2024 displieimentum,

294 2047 436 2109 Nostram
451 2043 634 2107 Prorensam
649 2041 849 2122 saquegiando
867 2045 954 2109 modu
970 2067 976 2106 :

255 2153 294 2214 Et
309 2149 365 2214 sibi
379 2149 532 2213 taminiam
546 2168 598 2231 per
614 2166 753 2231 eampum
772 2148 853 2212 misit
868 2167 1000 2214 amaram
1014 2173 1020 2230 ;

292 2259 385 2320 Nemo
400 2254 449 2318 diu
465 2253 548 2330 sivit,
564 2254 715 2318 esuriente
729 2256 810 2334 gula.

251 2360 341 2424 Blada
357 2357 412 2422 sihi
426 2365 576 2436 maneant,
593 2375 708 2437 earnes,
724 2356 899 2436 vinumque,
920 2356 1027 2421 farinae
1045 2381 1052 2420 ε

292 2461 407 2543 Jupiter
424 2478 440 2524 e
462 2463 536 2524 eoelo
555 2479 615 2522 nun
638 2459 693 2523 sihi
708 2460 829 2523 mandat
842 2477 935 2538 aquas
953 2482 959 2522 :

252 2569 329 2630 Cum
343 2564 436 2630 bestis
451 2564 536 2627 settis
551 2563 663 2626 faciunt
680 2563 808 2627 rerirare
822 2563 969 2644 molium,

290 2671 513 2748 Forsanturque
527 2666 662 2729 homines
677 2667 754 2730 inrte
769 2665 889 2730 virande
902 2667 1012 2728 melam
1028 2687 1035 2743 ;

248 2773 434 2854 Plangehant
449 2768 560 2850 pupuli,
577 2767 738 2830 summissa
754 2784 823 2830 vnce
838 2766 1008 2842 tridentes,

290 2875 337 2937 hd
351 2874 503 2937 Christum
517 2869 678 2936 Dominum
694 2889 725 2934 se
739 2870 887 2933 retirando
902 2869 950 2950 pie
967 2891 973 2930 :

248 2979 360 3041 Panem
375 2976 505 3057 quotidie
519 2977 555 3038 da
569 2973 666 3054 nohis,
683 2972 799 3036 Christe
813 2972 963 3052 henigne,

286 3089 343 3156 ὤ·
353 3084 435 3146 After
449 3098 535 3162 opem
549 3078 676 3159 miseris,
691 3077 755 3159 ipse
769 3095 890 3141 necesse
906 3079 985 3142 rides
1002 3103 1008 3141 :

250 3187 380 3251 Paenitet
391 3194 535 3250 armatam
553 3186 732 3248 Prnrensam
747 3183 958 3263 saquegiasse:

288 3294 380 3356 Parce
393 3307 496 3371 precor
514 3289 609 3370 nohis,
630 3288 753 3352 fecimus
768 3283 856 3352 omna
871 3291 984 3352 malum
1002 3311 1009 3351 :
