2538 4224
420 440 574 494 caromcnr
596 441 802 487 rnrsnlrnnrs.
995 425 1029 484 7l

179 558 237 619 Per
257 560 380 636 pontem
395 554 497 618 Craris
516 555 645 636 passarit
661 562 764 637 lrcppa
777 558 912 635 valenla,

219 661 326 722 Portas
340 659 462 721 ubertas
477 658 513 722 de
526 658 619 722 Crare
636 667 747 739 pontus
760 661 849 723 habet
865 683 871 721 :

177 761 265 835 Quod
277 759 335 822 luit
346 761 382 822 ad
398 759 498 822 villam
513 767 594 824 cerie
606 779 755 841 vergcgna
770 779 903 840 regressa
916 783 922 838 ;

217 866 309 927 Pnrla
322 865 384 926 lere
396 863 522 944 simplex
535 871 608 926 tunc
623 867 783 928 reculasset
797 882 877 928 enm.

176 970 205 1033 Α
219 971 310 1048 longe
324 969 474 1034 modicum
487 977 580 1033 totam
599 977 665 1051 pest
680 970 799 1052 respicit
813 973 916 1035 urbem
930 1020 937 1051 ‚

217 1073 347 1136 Omnem
360 1074 513 1136 defensam
533 1073 608 1136 scire
620 1075 743 1137 volendo
756 1091 841 1137 snam
856 1097 863 1136 ι

174 1178 214 1240 Et
230 1194 300 1240 cum
314 1176 387 1240 vidil
398 1194 465 1240 earn
477 1177 519 1241 sic
533 1185 653 1240 lanium
665 1177 870 1257 fortificalam,

215 1281 341 1343 Plenam
355 1278 537 1359 gendarmis,
557 1277 774 1359 armigerisque
793 1278 899 1358 honis,

176 1385 235 1460 Qui
249 1392 370 1465 propter
384 1383 529 1446 Fransam
543 1383 635 1446 vitam
652 1383 738 1447 linire
753 1386 910 1459 velebant,

218 1488 371 1551 Sacratam
386 1485 486 1567 potins
501 1503 592 1565 qnam
607 1485 715 1551 violare
729 1487 819 1550 fidem
836 1510 842 1549 :
953 1544 956 1551 .

179 1589 261 1653 Vidit
276 1606 368 1668 aquas
382 1587 483 1667 eliam,
500 1605 552 1650 sen
568 1595 687 1650 tanturn
704 1587 826 1650 flumina
842 1605 970 1670 magna,

218 1696 275 1758 Tot
291 1700 364 1773 quot
377 1693 574 1756 semblablanl
588 1691 728 1756 omnibns
742 1710 807 1755 esse
821 1710 922 1773 marc,

175 1796 327 1876 Flumina,
344 1803 460 1874 slagna,
476 1798 570 1875 lacus,
587 1797 696 1871 lnnles,
712 1796 831 1874 inssala,
846 1798 967 1876 paludes
983 1848 989 1878 ,

215 1899 347 1964 Robinas
362 1900 500 1979 grandes,
517 1917 591 1979 qnas
605 1916 681 1978 aqna
698 1915 814 1979 semper
828 1901 937 1979 habet3

176 2007 216 2069 llt
235 2007 348 2068 flumen
363 1999 509 2081 Rhodani,
525 2001 653 2064 mediam
667 2003 746 2081 qued
760 2001 863 2066 circuit
879 2005 1005 2084 urbem,

219 2109 343 2185 Quando
362 2113 540 2188 supervexal
556 2104 682 2186 plurima
697 2106 803 2170 damna
818 2109 933 2187 lercns3

100 2199 102 2204 ¹
175 2216 267 2280 Binda
281 2220 383 2293 negat,
399 2211 505 2290 signas
519 2229 571 2291 pcr
587 2227 717 2292 campos,
733 2219 824 2291 atque
841 2215 1009 2294 cabannas,

217 2318 322 2381 lolam
336 2315 512 2393 Camargam
524 2331 603 2394 saepe
618 2321 720 2379 natare
731 2315 811 2379 lacit.

177 2421 279 2482 lnsnla
296 2425 415 2499 propter
430 2434 522 2496 aquas
536 2424 582 2481 est
597 2417 805 2498 insuperabilis
819 2419 930 2500 Arlus,

218 2525 275 2586 Per
288 2522 399 2586 lorsam
414 2538 570 2600 nunqnam
584 2521 673 2585 Cesar
687 2521 810 2583 haberet
824 2537 914 2598 eum;

177 2627 226 2691 Sic
240 2645 300 2690 non
314 2625 429 2688 ansavil
446 2632 513 2704 pest
531 2623 752 2704 intraprendere
766 2624 874 2701 gallam
888 2671 895 2703 ,

217 2730 259 2793 Et
272 2735 375 2792 centra
389 2727 490 2790 villam
505 2727 692 2791 borbclihare
705 2725 798 2804 nihil3

177 2837 218 2900 Et
232 2835 297 2898 sine
311 2833 468 2913 pausando,
483 2832 612 2896 tornavit
631 2838 730 2912 preste
745 2839 928 2909 retrorsum

219 2939 284 3002 Non
301 2936 496 3017 snbjcrnavit,
513 2934 619 2998 maenia
634 2941 717 2997 lanta
730 2933 845 2998 videns.

180 3041 237 3104 Sed
252 3039 307 3102 libi
321 3039 364 3102 vis
379 3039 485 3120 dicam,
502 3038 570 3102 lecit
584 3044 656 3100 tnnc
669 3036 734 3116 ipse
747 3052 896 3114 sagessam
910 3085 917 3116 ,

220 3141 300 3206 llille
314 3144 473 3206 balescans
494 3141 561 3204 villa
580 3139 708 3203 dedisset
722 3137 770 3202 ei:

179 3246 210 3308 Si
225 3247 461 3326 s’apprcchasset
474 3247 511 3308 dc
525 3246 623 3323 barca,
638 3243 705 3321 juro
719 3249 873 3306 tonantem
888 3292 895 3324 ‚

220 3350 368 3415 Perdissel
383 3357 504 3430 gentes,
520 3355 640 3428 ternpus
655 3355 684 3412 et
699 3364 785 3412 omne
800 3365 888 3410 snum
901 3369 929 3426 p
