2538 4224
241 401 298 462 400
503 413 624 460 urredi
644 414 823 462 duruerursu

239 525 287 590 sie
301 531 401 606 preste
416 531 546 590 restrum
559 523 679 588 uoluisti
698 542 808 606 ponere
822 523 936 605 ritum,

279 630 336 692 Per
351 645 405 691 nos
419 627 571 707 salvando,
588 634 709 706 totaque
722 633 827 692 uestra·
838 627 926 690 bene.

244 733 349 798 Vostre
361 731 431 796 bien
450 738 568 796 tantum
582 732 642 794 Vos
656 751 715 796 nen
729 733 846 796 dedere
860 730 979 812 rolisti,

280 838 338 902 Sed
351 839 379 901 le
394 853 563 920 personam,
580 855 639 902 non
653 835 814 903 dubitando
828 835 916 900 mori.

241 941 332 1022 Regia
346 961 436 1009 eausa
449 941 507 1006 fuit
520 941 627 1008 vestris
641 959 815 1006 succurrere
827 941 919 1024 lapsis
932 991 939 1022 ‚

282 1054 340 1123 (ff
353 1046 473 1114 Mentiri
489 1046 583 1115 nescit
597 1046 720 1126 sanguis
734 1063 833 1122 amare
847 1065 928 1110 sues.

242 1153 306 1217 Non
324 1159 423 1234 posset
438 1150 528 1216 Vobis
542 1168 677 1232 unquam
690 1157 733 1214 tot
748 1151 869 1216 reddere
883 1156 984 1228 grades
998 1197 1009 1228 ‚

280 1256 432 1336 Quotquot
449 1255 631 1338 promeritis
645 1255 676 1320 iu
691 1254 804 1320 ralione
817 1257 928 1335 iacent.

241 1359 374 1425 Sufficiet
388 1366 508 1424 tautum
522 1378 575 1440 pre
595 1378 677 1426 nune
696 1377 750 1426 sua
763 1359 822 1424 lida
837 1361 976 1428 voluutas
991 1410 997 1439 ‚

279 1462 337 1525 Pro
352 1461 442 1525 Vobis
456 1468 584 1526 mertem
599 1461 743 1542 prendere
757 1467 894 1542 prompta
909 1469 1026 1530 munet.

241 1571 307 1634 Non
321 1568 416 1650 magis
430 1570 467 1635 ed
480 1569 634 1636 Christum
648 1568 745 1649 potuit
759 1587 840 1634 nune
853 1587 919 1635 esse
932 1572 1031 1638 fidelis
1045 1623 1052 1654 ,

283 1676 380 1750 Quem
394 1674 484 1744 tuerit
498 1673 608 1754 Vobis;
625 1675 701 1740 frete
715 1677 837 1756 probata
852 1677 991 1756 prebent.

246 1781 305 1844 Vos
314 1786 419 1861 pregat
431 1777 494 1864 ipsa
508 1786 620 1859 temen,
637 1779 716 1859 quod
726 1797 778 1852 uos
792 1780 923 1860 pensetis
935 1781 971 1848 ed
985 1781 1097 1864 ieseuu

283 1883 371 1946 Nune
385 1889 506 1962 propter
519 1899 643 1962 guerras
662 1900 792 1964 paupere
807 1889 869 1946 tete
883 1884 973 1963 jacet.
1188 1871 1190 1884 '

243 1985 369 2052 Reddite
382 2005 437 2054 uos
452 1989 538 2068 tales,
558 1997 593 2052 ut
611 1988 748 2069 quisquis
763 1987 870 2062 viderit
884 1987 973 2070 inde,

284 2094 415 2174 degatur
431 2111 538 2162 nemen
554 2096 718 2175 glorificare
731 2103 833 2163 tuum.

246 2197 348 2278 Atque
361 2204 429 2262 tuas
443 2205 506 2262 tote
520 2216 692 2278 queremus
706 2207 824 2280 pertore
834 2200 957 2278 leudes;

283 2300 431 2381 Perpetuo
445 2298 538 2380 uiues,
553 2301 671 2382 publiea
685 2303 763 2371 ieme
777 2301 882 2370 eride.

246 2401 304 2478 Qui
317 2401 385 2468 iecit
399 2401 511 2470 librum
524 2423 578 2486 pre
591 2406 714 2487 Frausa,
729 2407 795 2481 Rex
808 2407 888 2478 bene
901 2412 1027 2488 nester,

287 2494 394 2572 Vester
408 2507 631 2580 reuerendus
645 2508 681 2574 ed
695 2524 786 2576 omne
798 2515 912 2576 menet.

250 2612 308 2677 Sed
325 2616 427 2676 tamen
441 2610 572 2680 efficium
591 2627 729 2690 gressum
747 2610 857 2679 desire
870 2613 1003 2692 hebere,

289 2717 348 2781 Pro
362 2715 589 2796 banqueteude;
607 2715 667 2780 Ves
685 2716 764 2794 dete,
780 2733 894 2797 quaeso,
911 2713 976 2789 sibi.

250 2819 294 2882 De
307 2819 449 2882 tres-bon
463 2834 571 2884 cueurs
584 2814 660 2886 illud
672 2815 784 2897 eaput,
800 2816 866 2883 sine
876 2817 978 2896 faute,

289 2921 347 2982 Pro
360 2917 458 2984 leteris
476 2921 565 2988 uellet
579 2925 671 2999 atque
684 2937 793 3003 pagare
807 2917 901 2994 nihil:

251 3025 292 3088 Le
306 3021 434 3090 Seruari
448 3022 577 3105 Domini,
595 3023 647 3104 qui
661 3030 768 3098 ennete
784 3028 950 3102 seereteet,

289 3128 336 3194 Nil
350 3127 406 3193 sibi
421 3131 612 3212 demandent,
633 3130 700 3198 rina
716 3149 769 3199 uec
790 3133 851 3214 ulle
866 3131 983 3214 ieiune.
