2504 4240
257 407 294 465 ii
520 421 642 464 rrsrcnr
663 421 840 466 nnrnrrnrsr

256 533 313 593 Ista
327 548 380 612 per
393 530 526 594 archivos
541 538 658 594 nostros
677 531 855 594 trobbantcr
868 533 987 594 abunde
1001 555 1007 594 :

295 636 409 717 Scripta
423 644 546 699 manent
560 653 689 716 semper,
704 637 793 698 verba
805 639 903 698 volare
918 639 1025 700 solent.

255 740 287 803 Si
302 738 418 820 sapiens
432 747 523 820 esset,
539 756 599 801 non
614 745 676 801 tam
690 740 873 802 marchasset
887 747 1026 804 arantem
1040 763 1046 819 ;

294 845 417 918 Quando
431 843 523 919 venit,
537 859 655 924 semper
666 843 777 906 Fransa
789 846 923 923 repulsat
935 861 1026 924 eum;

254 949 292 1010 Et
305 946 382 1026 rugit
396 947 428 1009 in
446 953 574 1027 postam,
598 963 716 1024 grossos
729 947 864 1009 saltando
879 949 991 1010 ralatos
1007 971 1012 1009 :

294 1051 443 1113 Prendere
457 1068 516 1112 non
536 1059 646 1130 posset,
663 1052 750 1130 juro,
766 1053 911 1115 renardus
924 1070 1007 1116 eum.

255 1153 320 1214 Jam
335 1152 411 1215 benc
422 1153 590 1232 cognoscit,
604 1153 695 1232 quarn
707 1153 745 1216 sit
761 1156 909 1218 Provensa
921 1155 1036 1232 tidelis3

296 1258 473 1319 Provensale
488 1273 583 1334 genus
596 1275 654 1320 non
671 1256 783 1320 variare
796 1259 881 1320 solet.

256 1361 364 1422 Contra
378 1377 432 1423 nos
447 1358 534 1423 faciet
546 1359 675 1422 nihilum
688 1379 740 1423 sua
756 1359 868 1438 maigra
882 1367 1027 1441 potestas;

295 1462 349 1527 Hic
365 1481 417 1543 per
431 1466 611 1527 Provensam
626 1461 741 1526 Cesaris
755 1481 836 1527 arma
851 1471 956 1529 ruunt.

258 1570 316 1632 Sed
330 1567 475 1631 tamenin
496 1569 639 1630 Fransam
654 1568 772 1646 quando
787 1570 941 1631 marchare
955 1571 1073 1633 volebat

298 1674 338 1737 Et
352 1691 404 1754 per
419 1689 509 1751 quem
524 1688 651 1754 naysum
665 1671 823 1751 prenderet
837 1671 901 1752 ipse
915 1672 993 1734 riam
1007 1723 1013 1751 ,

257 1777 380 1842 Francia
394 1796 453 1841 non
469 1775 566 1857 potuit
580 1783 681 1857 presto
695 1793 872 1854 cognoscere
886 1776 1020 1856 mignam
1035 1802 1041 1840 :

298 1883 355 1958 Qui
369 1891 519 1962 trompare
533 1884 654 1960 volunt,
671 1879 858 1944 dissimulare
873 1884 969 1946 solent
984 1905 990 1960 ;

262 1989 320 2051 Ore
335 1992 441 2048 sonant
455 2001 563 2063 unum,
584 1984 634 2048 sed
647 1991 749 2047 contra
764 1992 864 2048 mente
878 1995 1039 2066 repensant
1056 2012 1062 2049 :

298 2088 384 2149 Nunc
398 2091 480 2147 totus
499 2089 627 2166 populus
643 2085 697 2150 scit
709 2086 851 2150 fabricare
865 2091 990 2152 malum.

257 2192 362 2252 Postea
377 2188 507 2269 pensado
521 2187 605 2251 nobis
620 2190 728 2252 donare
741 2191 896 2270 secedam,

296 2294 452 2356 Armatam
466 2294 611 2372 cumulat,
627 2299 657 2355 et
677 2291 734 2356 cito
749 2295 884 2375 drayssat
896 2311 962 2357 eam
979 2319 984 2357 z

255 2401 294 2462 Et
309 2416 362 2479 per
377 2399 559 2460 Provensam
578 2395 672 2458 voluit
686 2399 840 2460 marchare
853 2405 1025 2480 potentem,

204 2520 209 2526 ·
298 2499 449 2563 Passando
464 2495 593 2577 Nissam‚
607 2514 661 2576 pro
673 2495 804 2561 revidere
815 2499 950 2560 Damam.

257 2607 363 2685 Magna
377 2602 434 2666 tuit
449 2601 541 2681 ratio,
563 2619 595 2664 se
609 2602 804 2664 consultando
818 2619 871 2682 per
885 2619 989 2666 omnes
1002 2626 1008 2683 ;

295 2711 370 2772 Nam
390 2721 472 2769 mare
485 2721 554 2768 cum
568 2703 691 2783 harquis
705 2721 784 2785 saepe
797 2705 913 2782 iuvaret
927 2724 978 2769 eos
994 2730 1000 2768 ε

255 2815 293 2877 Et
309 2811 334 2874 si
349 2808 493 2892 perdisset
509 2808 600 2890 (Deus
614 2809 654 2871 ho
668 2809 836 2889 volquesso]
852 2810 1003 2872 batalham
1019 2859 1026 2890 ,

295 2917 332 2978 Se
347 2905 549 2976 salvare'bene
563 2928 615 2990 per
629 2927 711 2973 mare
724 2916 809 2973 tutus
822 2919 896 2974 erat.

255 3020 294 3082 m
308 3023 410 3079 contra
424 3013 589 3094 Antipolim
604 3013 730 3094 primam
748 3013 868 3077 donavit
881 3017 1023 3077 alarmam
1037 3037 1044 3094 ;

296 3121 384 3182 Forte
397 3119 585 3198 batalhando‚
604 3117 670 3180 vilia
685 3120 816 3198 repulsat
831 3135 911 3182 eum.

255 3231 394 3292 ,trmatas
409 3223 490 3287 misit
503 3224 606 3287 Dorias
625 3231 691 3304 post
710 3222 844 3302 quinque
857 3227 991 3304 galeros,

293 3327 341 3390 Ad
356 3332 475 3406 portum
492 3327 625 3406 veniunt,
639 3325 838 3406 excopetanrlo
853 3325 950 3404 viros5

1088 1621 1095 1651 7
