2504 4240
405 458 560 512 curnurour
581 459 787 505 rurnnnroms.
986 445 1025 501 29

168 569 398 649 caprarumque
407 583 525 648 greges,
537 572 568 630 et
579 573 686 631 cuneta
698 575 830 631 armento
843 573 1024 648 reeompanu

210 673 314 751 Usque
328 669 426 734 asinos
440 687 581 754 maygros
599 671 649 732 lou
668 671 822 752 capitanus
836 671 926 735 habet
941 693 948 730 :

168 777 318 857 PorquoS,
338 783 368 840 et
380 793 483 840 vacuos
502 778 635 861 ioyrosns
653 785 723 841 onte
737 778 916 856 rebnihant,

211 879 260 942 Ad
278 879 420 944 Dominos
436 897 590 962 nunquam
605 880 789 946 restituendo
804 897 885 943 suos.

169 984 237 1048 Non
258 1001 366 1064 penses
381 986 458 1048 ullos
478 987 645 1068 layssrrent
659 992 739 1048 retro
753 986 909 1062 eatalhos3
990 993 996 1002 '

211 1087 311 1151 Bestia
326 1105 380 1168 per
397 1088 524 1168 petriam
539 1106 605 1152 rara
618 1088 719 1154 relicte
737 1089 804 1152 iuit.

170 1193 245 1267 Quae
258 1192 398 1273 prodesse
413 1193 512 1255 valent
526 1191 658 1273 inimico,
678 1193 806 1273 quisque
818 1195 953 1272 lerebnt3

211 1299 252 1362 Ut
265 1295 323 1361 citd
337 1304 491 1361 manceret
511 1313 600 1361 omne
614 1315 735 1362 necesse
746 1296 813 1360 sihi.

169 1403 335 1481 Plangebat
348 1404 477 1482 populus
493 1399 625 1464 muttum
637 1401 674 1465 de
692 1402 779 1466 eorde
792 1405 918 1466 molesto
931 1451 938 1482 ,

210 1505 251 1568 Et
264 1503 423 1568 lachrimas
438 1502 532 1568 oeulis
545 1503 645 1568 omnia
659 1513 756 1569 eastra
770 1506 891 1570 debent.

170 1607 338 1673 Gendarme
349 1608 458 1688 populo
471 1605 608 1672 dicebant
623 1630 629 1670 :
647 1625 731 1672 nune
745 1605 931 1690 patiensem,

212 1709 274 1772 Vos
288 1709 491 1790 contonando,
507 1709 643 1790 prendite
655 1712 743 1775 eorde
755 1711 834 1774 bono
849 1733 856 1773 :

173 1816 310 1895 Qualque
330 1831 554 1895 recompensam
572 1813 654 1878 vohis
673 1816 782 1879 donare
796 1813 909 1896 potebit

213 1919 290 1999 Rex,
306 1925 427 1999 propter
441 1918 563 1998 perdam
582 1933 673 1998 quem
688 1917 774 1982 modo
793 1917 921 1998 qusque
933 1918 1020 1982 feeit:

172 2019 296 2085 Franoiu
313 2036 367 2101 per
385 2036 502 2100 semper
523 2019 560 2084 de
580 2020 657 2084 iacto
673 2028 812 2084 munerat
825 2019 911 2100 ilios,

213 2125 271 2200 Qui
282 2131 403 2206 propter
416 2126 531 2204 Regem
549 2126 672 2206 perdere
682 2127 776 2190 multo
792 2128 899 2190 solent.

172 2227 336 2308 Respondit
347 2229 477 2308 populus
492 2251 498 2289 :
512 2228 591 2292 heui
608 2245 678 2307 quoe
689 2227 830 2309 patientia
841 2230 935 2294 durat

213 2333 319 2398 Nescio
331 2332 399 2414 quis
411 2333 519 2414 poterit
535 2341 618 2398 tenta
631 2333 727 2415 petire
740 2336 829 2399 mnia.

173 2438 280 2519 Dicite,
297 2438 322 2502 si
336 2441 461 2519 piaeeet,
481 2437 552 2518 quid
565 2439 647 2504 enim
665 2457 719 2502 uos
733 2438 857 2504 fecimus
870 2438 947 2521 ipsi,

213 2542 344 2606 Perdere
354 2542 433 2622 quod
444 2540 531 2606 liceat
542 2541 640 2605 omnia
653 2547 755 2604 nostra
768 2541 873 2604 bonet

172 2645 251 2708 Cum
264 2643 370 2724 grandi
387 2642 463 2725 peni
480 2661 534 2708 uos
548 2643 780 2724 acquisierimus
793 2641 864 2721 illa,

213 2746 352 2812 uomodo
363 2765 418 2811 nos
431 2747 546 2812 bellum
564 2755 670 2813 ennete
686 2749 791 2811 rohare
802 2745 881 2811 iecit.

173 2850 264 2914 Forsa
282 2857 384 2914 munet
401 2849 487 2914 nobis
501 2849 591 2914 etiem
605 2849 754 2915 dimittere
765 2849 873 2930 villus,

213 2950 253 3014 ut
265 2950 330 3016 sine
340 2949 469 3016 denariis
485 2959 586 3032 presto
597 2951 695 3031 fugire
713 2952 802 3015 foras.

173 3053 317 3128 Bannitos
331 3053 455 3119 miseros
475 3055 668 3136 semblamus,
689 3053 731 3118 sie
743 3053 908 3137 rugiendo,

213 3159 294 3222 Dum
307 3165 428 3240 propter
444 3157 560 3223 erimeu
571 3155 653 3222 ouria
667 3156 771 3221 bennit
783 3174 851 3239 eos,

171 3261 349 3347 Boymianos
363 3264 451 3343 finos,
464 3268 618 3329 currentes
629 3259 746 3326 eiirnata
760 3263 885 3341 mundi,

214 3369 325 3433 Dentes
344 3369 491 3446 fortunas,
505 3369 591 3448 plura
604 3367 744 3447 rodendo,
760 3369 852 3434 bonas
869 3393 879 3442 ς
