2538 4224
403 456 558 512 cxroxrour
586 459 793 506 rxrxnxronrs.
988 451 1026 508 99

167 565 226 629 Vos
240 569 318 631 bene
335 567 493 650 veneritis,
510 569 585 634 dixit
604 573 746 652 Segnoria
760 581 842 651 tota,

203 667 286 732 Felix
306 677 432 734 aventus
447 669 485 734 sit
498 673 597 755 modo,
617 691 730 756 quaeso‚
746 683 826 738 tuus.

165 771 230 836 Non
249 773 359 837 melius
374 773 470 855 potuit
490 775 654 855 quidquam
668 777 841 858 contingere
856 781 961 863 nobis,

206 888 263 955 eff·
279 882 391 947 Omnes
406 883 571 962 gaudentes
585 893 682 948 restra
698 893 806 950 ronuta
821 886 901 952 tacit.

163 983 271 1048 Omnia
291 1003 360 1066 quae
374 986 486 1051 luerint
504 985 598 1067 vobis,
614 988 793 1070 guerrando,
810 1007 929 1053 necesse

203 1089 387 1154 Demandatc
400 1091 499 1167 modo,
515 1089 609 1170 patria
624 1101 732 1156 cuncta
749 1092 841 1158 dabit.

166 1191 278 1268 Omnes
297 1193 448 1274 provehis
463 1197 602 1258 volomus
614 1196 796 1276 despondere
815 1196 927 1282 uitam,

201 1296 242 1360 Et
256 1295 327 1359 dare
347 1296 493 1377 denarios,
510 1314 630 1378 corpora
650 1307 751 1363 nostra
766 1317 897 1380 quoque.

165 1403 330 1468 Consilium
344 1403 412 1468 fecit
431 1421 537 1466 rursus
553 1404 729 1468 concludere
748 1405 861 1484 finem,

204 1507 364 1572 Auxilium
382 1507 635 1589 magnumpatria
651 1513 774 1587 praestat
793 1504 839 1584 ei;

162 1612 314 1691 Argentos
332 1614 434 1692 plures
454 1615 546 1676 rullus
562 1611 740 1694 Respublica
754 1610 870 1690 lurnit,

202 1713 363 1793 Vihagium
377 1715 464 1780 iaciat
479 1723 512 1778 ut
526 1717 614 1780 modo
628 1723 728 1796 presto
742 1718 843 1776 suu‘m.

160 1819 297 1883 Andreas
311 1818 414 1882 Dorias
428 1817 553 1883 armavit
571 1819 677 1883 deinde
691 1820 805 1898 galeras
821 1867 828 1898 ‚

200 1927 303 2004 Usque
316 1923 347 1986 in
362 1924 556 2005 l’llspagnam
572 1940 625 2006 per
639 1939 721 1988 mare
739 1929 838 2004 portat
851 1938 933 1986 eum.

43 2107 44 2110 Ἴ
158 2027 222 2093 illic
240 2046 322 2092 nunc
334 2029 422 2108 jasat,
439 2044 556 2106 grossas
573 2025 705 2090 faciendo
720 2043 891 2105 menassas3

197 2131 256 2194 Sed
268 2131 390 2212 Jappare
407 2136 516 2210 potest,
537 2131 672 2193 mordere
684 2136 792 2211 nempe
807 2127 893 2192 nillil.

156 2235 205 2320 Ad
219 2235 373 2299 Christum
388 2231 550 2296 Dominum
561 2233 597 2296 de
611 2251 680 2299 vero
694 2234 781 2297 eorde
795 2249 953 2314 precamur
967 2280 974 2311 ‚

195 2343 281 2419 Quod
293 2349 414 2406 tantum
427 2345 526 2403 tornet
538 2388 546 2420 ,
566 2338 686 2417 quando
699 2344 837 2419 petemus
849 2354 935 2402 eum.

160 2445 219 2509 Sed
233 2446 310 2508 hone
323 2443 388 2506 Rex
406 2447 519 2522 noster,
538 2457 598 2502 non
611 2436 746 2501 oblidabo
760 2439 894 2500 novellas
908 2487 915 2517 ,

197 2549 277 2624 Quas
297 2549 374 2612 bene
392 2564 446 2628 pro
466 2562 558 2629 payso
580 2560 662 2608 nunc
674 2539 799 2605 recitare
813 2541 907 2604 decet.

154 2651 202 2714 Art
216 2647 306 2714 Vobis
326 2665 442 2731 semper
460 2645 614 2711 Provincia
629 2661 661 2709 se
671 2643 882 2723 recomanoat,

195 2755 255 2818 Vos
273 2760 358 2835 pater
369 2751 453 2833 estis,
468 2750 497 2814 ei
514 2758 558 2814 tot
573 2748 706 2814 iaciendo
719 2749 808 2812 bona.

152 2855 332 2924 Defendistis
346 2873 413 2920 eam
426 2861 506 2919 recte
520 2854 556 2918 dc
567 2855 652 2918 fauce
663 2849 807 2930 Faronis,

192 2959 249 3034 Qui
263 2958 356 3024 soluit
370 2961 515 3040 populum
527 2963 715 3039 persecutore
729 2952 793 3018 Ilei.

122 3097 126 3106 .
151 3068 212 3129 Pro
227 3063 340 3128 mundo
356 3062 452 3126 voluit
465 3064 545 3127 Deus
564 3066 595 3124 et
614 3056 722 3122 suirire
742 3057 931 3134 lamonem,

192 3171 268 3234 Cum
283 3167 405 3232 salvavit
420 3182 501 3248 eum,
518 3165 590 3228 dum
605 3161 780 3226 tenebrosus
793 3165 875 3239 erat3
