2538 4224
268 437 307 500 ll
534 457 654 503 aarum
676 455 857 503 nnmrrmsa

269 569 465 648 lnduperatcr
485 565 526 630 ait
540 573 618 648 post,
635 565 816 647 respiciendo
831 543 950 631 sietam'

308 671 394 734 Villae
405 669 570 749 llarselhae,
592 668 698 734 maenia
713 676 796 733 tanta
817 670 940 751 videns,

267 775 367 853 Atque
384 773 563 838 bernhardus
582 773 717 853 fornitus,
738 780 866 852 tumque
879 776 1013 855 galeras,

306 880 346 942 Et
363 885 461 942 tantas
475 885 591 956 gentes,
615 895 690 956 quas
705 893 865 940 numerare
883 877 1007 958 nequit3

268 984 306 1046 Et
318 981 437 1061 quande
451 979 531 1042 ridet
546 977 699 1042 artilharia
714 985 796 1042 tanta
809 989 931 1061 petere,
1021 975 1023 980 ’

308 1087 382 1160 Quae
395 1091 506 1150 terram
525 1095 555 1147 et
570 1086 680 1147 coelnm
702 1083 1019 1164 pertremulare'tacit,

267 1189 455 1252 Scandalesar
463 1185 486 1249 it
508 1203 540 1250 se
554 1189 698 1266 multum,
713 1187 790 1250 forte
809 1187 940 1250 renaudo

306 1291 415 1354 Contra
429 1289 618 1368 llarselham,
635 1307 689 1353 cur
700 1288 849 1353 rerirabat
862 1305 944 1352 eum.

267 1394 401 1458 Armatae
418 1390 511 1456 dixit:
529 1392 710 1456 llarselham
724 1391 853 1456 vidimus
868 1407 989 1456 omnem
1008 1441 1015 1470 ,

304 1495 413 1558 Nullus
426 1513 478 1574 per
488 1498 599 1559 lorsam
616 1495 761 1574 prendere
775 1503 875 1575 posset
889 1513 956 1560 eam

265 1601 363 1678 Nunc,
380 1599 503 1681 nisiper
516 1607 629 1678 ¹gentes
643 1601 700 1664 hee
720 1602 756 1665 de
771 1609 912 1684 traysone
925 1600 1063 1680 reniret3

305 1709 381 1771 Nam
400 1709 580 1770 fortallessas
594 1713 661 1787 trop
683 1707 772 1770 hahet
784 1706 847 1786 ipsa
862 1709 967 1771 bonas,

265 1811 304 1873 llt
328 1808 455 1873 revirare
469 1807 568 1872 bridas
588 1824 664 1887 opus
683 1814 741 1886 est,
764 1808 900 1870 luetandc
918 1809 1076 1887 cavallus,

303 1913 416 1974 Versus
436 1909 539 1988 Aquas
554 1910 664 1973 celeres
681 1927 735 1972 nus
750 1908 873 1972 retirare
887 1909 991 1973 decet:

263 2014 302 2076 Et
318 2031 369 2092 per
387 2011 529 2075 carrarias
549 2011 591 2074 nil
605 2030 660 2079 nus
676 2015 839 2076 chaumare
855 2011 1011 2092 bisognat,

302 2117 362 2180 Nus
377 2113 513 2192 sequitur
527 2117 641 2179 bellum
655 2115 838 2180 Massiliense
849 2117 974 2177 malum.

259 2222 502 2284 llscarramussas
517 2227 658 2300 poterunt
674 2219 806 2298 fringare
818 2222 951 2282 valentes

299 2324 353 2388 Hic
366 2323 457 2387 foris:
481 2331 527 2388 ast
544 2324 628 2388 intus
647 2327 750 2388 nullus
762 2343 852 2388 auare
865 2330 974 2404 potest.

260 2427 361 2489 Insula
382 2425 503 2490 baccani
513 2427 578 2490 haec
593 2434 638 2490 est
650 2427 794 2490 llarsellra
809 2427 949 2506 petarda,

300 2529 393 2592 Bocca
408 2528 454 2591 del
469 2527 585 2592 inlernu
605 2545 712 2610 nempe
726 2531 823 2607 fugata
839 2535 951 2592 manet.

261 2631 373 2709 lgneus
391 2629 422 2692 in
434 2630 558 2710 Fransa,
572 2630 624 2708 qui
644 2639 706 2694 tam
727 2633 803 2696 bona
817 2633 884 2710 jura
898 2629 1072 2710 ministrat,

302 2729 398 2802 Quam
416 2729 502 2792 faciat
514 2730 637 2809 Paulus,
651 2731 801 2810 Bartelus,
817 2738 907 2810 atque
918 2729 1021 2795 Sinus.

262 2828 320 2907 Qui
338 2846 467 2910 semper,
482 2845 599 2910 semper
611 2830 723 2892 lurtum
737 2848 790 2911 pro
801 2831 883 2909 Rege
895 2833 1031 2911 laborat,

301 2932 395 3010 Cujns
409 2930 570 2994 consilium
585 2933 650 2996 Rex
665 2934 763 2996 trobat
777 2949 844 2997 esse
854 2935 967 2996 bunum
982 2954 990 3012 ;
1105 2985 1109 2996 .

260 3035 413 3098 Vulcanus
425 3036 527 3100 labrus
547 3035 583 3099 de
602 3039 676 3099 cuelu
696 3035 822 3098 fulmina
841 3037 1009 3117 mandans,

299 3141 489 3221 Luminaqui
508 3150 667 3222 monstrat,
684 3143 803 3221 quande
821 3149 926 3206 tonare
947 3142 1042 3222 lacit,

258 3247 323 3309 Non
336 3254 458 3326 possent
477 3245 562 3324 ignes
579 3253 678 3310 tantus
697 3247 817 3310 sufflare
838 3253 1027 3326 cremantes,

299 3347 377 3418 Quot
398 3344 471 3408 mihi
488 3347 613 3428 pulsavit
627 3346 809 3412 Massiliense
824 3365 931 3426 genus.
