<?xml version="1.0" encoding="UTF-8"?>
<!DOCTYPE html PUBLIC "-//W3C//DTD XHTML 1.0 Transitional//EN"
    "http://www.w3.org/TR/xhtml1/DTD/xhtml1-transitional.dtd">
<html xmlns="http://www.w3.org/1999/xhtml" xml:lang="en" lang="en">
 <head>
  <title>
</title>
<meta http-equiv="Content-Type" content="text/html;charset=utf-8" />
  <meta name='ocr-system' content='tesseract 3.04.00' />
  <meta name='ocr-capabilities' content='ocr_page ocr_carea ocr_par ocr_line ocrx_word'/>
</head>
<body>
  <div class='ocr_page' id='page_1' title='image "./meygraentrepriz01bonagoog_0104.png"; bbox 0 0 2538 4224; ppageno 0'>
   <div class='ocr_carea' id='block_1_1' title="bbox 414 411 1034 474">
    <p class='ocr_par' dir='ltr' id='par_1_1' title="bbox 414 411 1034 474">
     <span class='ocr_line' id='line_1_1' title="bbox 414 411 1034 474; baseline 0.013 -9"><span class='ocrx_word' id='word_1_1' title='bbox 414 421 571 474; x_wconf 84' lang='lat' dir='ltr'>mronrour</span> <span class='ocrx_word' id='word_1_2' title='bbox 593 423 799 469; x_wconf 81' lang='lat' dir='ltr'>rurnnlronrs.</span> <span class='ocrx_word' id='word_1_3' title='bbox 995 411 1034 473; x_wconf 87' lang='grc'>67</span> 
     </span>
    </p>
   </div>
   <div class='ocr_carea' id='block_1_2' title="bbox 105 530 1025 3415">
    <p class='ocr_par' dir='ltr' id='par_1_2' title="bbox 105 530 1025 3415">
     <span class='ocr_line' id='line_1_2' title="bbox 169 530 897 618; baseline 0.011 -26"><span class='ocrx_word' id='word_1_4' title='bbox 169 530 220 594; x_wconf 81' lang='lat' dir='ltr'>Ad</span> <span class='ocrx_word' id='word_1_5' title='bbox 233 538 356 618; x_wconf 86' lang='lat' dir='ltr'>portum</span> <span class='ocrx_word' id='word_1_6' title='bbox 370 533 407 596; x_wconf 91' lang='lat' dir='ltr'>de</span> <span class='ocrx_word' id='word_1_7' title='bbox 426 535 509 618; x_wconf 84' lang='lat' dir='ltr'>Cyon</span> <span class='ocrx_word' id='word_1_8' title='bbox 523 543 671 600; x_wconf 87' lang='lat' dir='ltr'>venerunt</span> <span class='ocrx_word' id='word_1_9' title='bbox 685 535 755 600; x_wconf 93' lang='lat' dir='ltr'>indo</span> <span class='ocrx_word' id='word_1_10' title='bbox 769 539 897 617; x_wconf 77' lang='lat' dir='ltr'>galero,</span> 
     </span>
     <span class='ocr_line' id='line_1_3' title="bbox 212 634 855 718; baseline 0.011 -21"><span class='ocrx_word' id='word_1_11' title='bbox 212 634 260 697; x_wconf 79' lang='lat' dir='ltr'>nd</span> <span class='ocrx_word' id='word_1_12' title='bbox 275 653 367 716; x_wconf 93' lang='lat' dir='ltr'>prope</span> <span class='ocrx_word' id='word_1_13' title='bbox 380 635 553 718; x_wconf 86' lang='lat' dir='ltr'>Massiliam,</span> <span class='ocrx_word' id='word_1_14' title='bbox 570 639 741 704; x_wconf 82' lang='lat' dir='ltr'>sororiando</span> <span class='ocrx_word' id='word_1_15' title='bbox 755 642 834 704; x_wconf 81' lang='lat' dir='ltr'>loros</span> <span class='ocrx_word' id='word_1_16' title='bbox 849 663 855 703; x_wconf 95' lang='lat'><strong>:</strong></span> 
     </span>
     <span class='ocr_line' id='line_1_4' title="bbox 170 738 928 828; baseline 0.012 -26"><span class='ocrx_word' id='word_1_17' title='bbox 170 738 326 804; x_wconf 86' lang='lat' dir='ltr'>Bisoolum</span> <span class='ocrx_word' id='word_1_18' title='bbox 341 742 452 805; x_wconf 86' lang='lat' dir='ltr'>durum</span> <span class='ocrx_word' id='word_1_19' title='bbox 468 751 633 825; x_wconf 88' lang='lat' dir='ltr'>porlanles,</span> <span class='ocrx_word' id='word_1_20' title='bbox 649 754 740 827; x_wconf 85' lang='lat' dir='ltr'>atque</span> <span class='ocrx_word' id='word_1_21' title='bbox 756 746 928 828; x_wconf 79' lang='lat' dir='ltr'>pedulum,</span> 
     </span>
     <span class='ocr_line' id='line_1_5' title="bbox 211 845 847 933; baseline 0.013 -26"><span class='ocrx_word' id='word_1_22' title='bbox 211 845 260 908; x_wconf 81' lang='lat' dir='ltr'>Ad</span> <span class='ocrx_word' id='word_1_23' title='bbox 275 852 375 910; x_wconf 79' lang='lat' dir='ltr'>lentas</span> <span class='ocrx_word' id='word_1_24' title='bbox 389 855 495 926; x_wconf 76' lang='lat' dir='ltr'>gentes</span> <span class='ocrx_word' id='word_1_25' title='bbox 511 849 715 914; x_wconf 72' lang='lat' dir='ltr'>subveniendo</span> <span class='ocrx_word' id='word_1_26' title='bbox 728 869 847 933; x_wconf 87' lang='lat' dir='ltr'>parum.</span> 
     </span>
     <span class='ocr_line' id='line_1_6' title="bbox 169 949 947 1038; baseline 0.013 -28"><span class='ocrx_word' id='word_1_27' title='bbox 169 949 278 1012; x_wconf 81' lang='lat' dir='ltr'>Arlem</span> <span class='ocrx_word' id='word_1_28' title='bbox 292 967 468 1030; x_wconf 83' lang='lat' dir='ltr'>pomposam</span> <span class='ocrx_word' id='word_1_29' title='bbox 483 951 578 1016; x_wconf 83' lang='lat' dir='ltr'>voluit</span> <span class='ocrx_word' id='word_1_30' title='bbox 593 960 659 1034; x_wconf 87' lang='lat' dir='ltr'>post</span> <span class='ocrx_word' id='word_1_31' title='bbox 671 955 816 1034; x_wconf 78' lang='lat' dir='ltr'>prendere</span> <span class='ocrx_word' id='word_1_32' title='bbox 828 955 947 1038; x_wconf 84' lang='lat' dir='ltr'>rillam;</span> 
     </span>
     <span class='ocr_line' id='line_1_7' title="bbox 211 1054 752 1137; baseline 0.013 -21"><span class='ocrx_word' id='word_1_33' title='bbox 211 1055 354 1118; x_wconf 83' lang='lat' dir='ltr'>lentando</span> <span class='ocrx_word' id='word_1_34' title='bbox 368 1054 455 1137; x_wconf 83' lang='lat' dir='ltr'><strong>dixit,</strong></span> <span class='ocrx_word' id='word_1_35' title='bbox 472 1057 660 1136; x_wconf 81' lang='lat' dir='ltr'>soquegiorot</span> <span class='ocrx_word' id='word_1_36' title='bbox 675 1077 752 1122; x_wconf 83' lang='lat' dir='ltr'>eam.</span> 
     </span>
     <span class='ocr_line' id='line_1_8' title="bbox 169 1156 954 1244; baseline 0.011 -27"><span class='ocrx_word' id='word_1_37' title='bbox 169 1156 391 1218; x_wconf 82' lang='lat' dir='ltr'>S&#39;effrehabonl</span> <span class='ocrx_word' id='word_1_38' title='bbox 405 1174 510 1220; x_wconf 91' lang='lat' dir='ltr'>omnes</span> <span class='ocrx_word' id='word_1_39' title='bbox 525 1159 590 1237; x_wconf 90' lang='lat' dir='ltr'>ejus</span> <span class='ocrx_word' id='word_1_40' title='bbox 605 1162 772 1239; x_wconf 80' lang='lat' dir='ltr'>cregnendo</span> <span class='ocrx_word' id='word_1_41' title='bbox 793 1170 931 1226; x_wconf 86' lang='lat' dir='ltr'>renulom</span> <span class='ocrx_word' id='word_1_42' title='bbox 947 1213 954 1244; x_wconf 88' lang='lat'>,</span> 
     </span>
     <span class='ocr_line' id='line_1_9' title="bbox 214 1260 896 1341; baseline 0.012 -19"><span class='ocrx_word' id='word_1_43' title='bbox 214 1260 344 1324; x_wconf 77' lang='lat' dir='ltr'>Perdere</span> <span class='ocrx_word' id='word_1_44' title='bbox 357 1262 513 1341; x_wconf 80' lang='lat' dir='ltr'>pensando</span> <span class='ocrx_word' id='word_1_45' title='bbox 527 1261 653 1341; x_wconf 83' lang='lat' dir='ltr'>quilibet</span> <span class='ocrx_word' id='word_1_46' title='bbox 667 1281 756 1328; x_wconf 89' lang='lat' dir='ltr'>omne</span> <span class='ocrx_word' id='word_1_47' title='bbox 771 1267 896 1330; x_wconf 90' lang='lat' dir='ltr'>bonurn.</span> 
     </span>
     <span class='ocr_line' id='line_1_10' title="bbox 168 1366 979 1454; baseline 0.006 -24"><span class='ocrx_word' id='word_1_48' title='bbox 168 1366 229 1430; x_wconf 86' lang='lat' dir='ltr'>Sed</span> <span class='ocrx_word' id='word_1_49' title='bbox 243 1374 342 1430; x_wconf 86' lang='lat' dir='ltr'>tamen</span> <span class='ocrx_word' id='word_1_50' title='bbox 354 1366 494 1430; x_wconf 85' lang='lat' dir='ltr'>Arlerius</span> <span class='ocrx_word' id='word_1_51' title='bbox 513 1367 659 1432; x_wconf 87' lang='lat' dir='ltr'>Dominus</span> <span class='ocrx_word' id='word_1_52' title='bbox 673 1371 701 1434; x_wconf 95' lang='lat' dir='ltr'>le</span> <span class='ocrx_word' id='word_1_53' title='bbox 715 1370 979 1454; x_wconf 81' lang='lat' dir='ltr'>Loggalenenlus‚</span> 
     </span>
     <span class='ocr_line' id='line_1_11' title="bbox 208 1468 849 1556; baseline 0.009 -24"><span class='ocrx_word' id='word_1_54' title='bbox 208 1468 366 1533; x_wconf 83' lang='lat' dir='ltr'>luslioiam</span> <span class='ocrx_word' id='word_1_55' title='bbox 377 1471 487 1551; x_wconf 91' lang='lat' dir='ltr'>populo</span> <span class='ocrx_word' id='word_1_56' title='bbox 502 1471 706 1537; x_wconf 81' lang='lat' dir='ltr'>distribuendo</span> <span class='ocrx_word' id='word_1_57' title='bbox 720 1475 849 1556; x_wconf 86' lang='lat' dir='ltr'>honam,</span> 
     </span>
     <span class='ocr_line' id='line_1_12' title="bbox 169 1575 981 1661; baseline 0.006 -22"><span class='ocrx_word' id='word_1_58' title='bbox 169 1576 329 1639; x_wconf 89' lang='lat' dir='ltr'>Bellorum</span> <span class='ocrx_word' id='word_1_59' title='bbox 342 1583 372 1639; x_wconf 83' lang='lat' dir='ltr'>et</span> <span class='ocrx_word' id='word_1_60' title='bbox 384 1575 464 1656; x_wconf 85' lang='lat' dir='ltr'>pacis</span> <span class='ocrx_word' id='word_1_61' title='bbox 483 1575 536 1656; x_wconf 85' lang='lat' dir='ltr'>qui</span> <span class='ocrx_word' id='word_1_62' title='bbox 550 1586 648 1641; x_wconf 83' lang='lat' dir='ltr'>serrat</span> <span class='ocrx_word' id='word_1_63' title='bbox 662 1585 783 1659; x_wconf 75' lang='lat' dir='ltr'>tempus</span> <span class='ocrx_word' id='word_1_64' title='bbox 797 1587 981 1661; x_wconf 83' lang='lat' dir='ltr'>uirumque,</span> 
     </span>
     <span class='ocr_line' id='line_1_13' title="bbox 209 1682 832 1765; baseline 0.005 -20"><span class='ocrx_word' id='word_1_65' title='bbox 209 1683 269 1745; x_wconf 87' lang='lat' dir='ltr'>Per</span> <span class='ocrx_word' id='word_1_66' title='bbox 283 1687 362 1744; x_wconf 86' lang='lat' dir='ltr'>lolds</span> <span class='ocrx_word' id='word_1_67' title='bbox 377 1682 470 1744; x_wconf 92' lang='lat' dir='ltr'>libros</span> <span class='ocrx_word' id='word_1_68' title='bbox 482 1682 550 1760; x_wconf 89' lang='lat' dir='ltr'>jure</span> <span class='ocrx_word' id='word_1_69' title='bbox 565 1685 702 1746; x_wconf 80' lang='lat' dir='ltr'>relentus</span> <span class='ocrx_word' id='word_1_70' title='bbox 720 1685 810 1748; x_wconf 90' lang='lat' dir='ltr'>homo</span> <span class='ocrx_word' id='word_1_71' title='bbox 825 1735 832 1765; x_wconf 90' lang='lat'>,</span> 
     </span>
     <span class='ocr_line' id='line_1_14' title="bbox 172 1782 948 1869; baseline 0.003 -21"><span class='ocrx_word' id='word_1_72' title='bbox 172 1785 213 1848; x_wconf 86' lang='lat' dir='ltr'>m</span> <span class='ocrx_word' id='word_1_73' title='bbox 228 1782 460 1863; x_wconf 79' lang='lat' dir='ltr'>genlilhomines</span> <span class='ocrx_word' id='word_1_74' title='bbox 475 1784 664 1867; x_wconf 79' lang='lat' dir='ltr'>ninganles,</span> <span class='ocrx_word' id='word_1_75' title='bbox 684 1794 774 1866; x_wconf 84' lang='lat' dir='ltr'>atque</span> <span class='ocrx_word' id='word_1_76' title='bbox 792 1793 948 1869; x_wconf 82' lang='lat' dir='ltr'>polentes,</span> 
     </span>
     <span class='ocr_line' id='line_1_15' title="bbox 211 1886 816 1970; baseline 0.007 -22"><span class='ocrx_word' id='word_1_77' title='bbox 211 1886 270 1962; x_wconf 88' lang='lat' dir='ltr'>Qui</span> <span class='ocrx_word' id='word_1_78' title='bbox 290 1887 472 1952; x_wconf 80' lang='lat' dir='ltr'>laffalesium</span> <span class='ocrx_word' id='word_1_79' title='bbox 487 1905 566 1969; x_wconf 84' lang='lat' dir='ltr'>saepe</span> <span class='ocrx_word' id='word_1_80' title='bbox 580 1906 685 1970; x_wconf 78' lang='lat' dir='ltr'>cepere</span> <span class='ocrx_word' id='word_1_81' title='bbox 700 1892 816 1969; x_wconf 86' lang='lat' dir='ltr'>solent,</span> 
     </span>
     <span class='ocr_line' id='line_1_16' title="bbox 167 1993 875 2074; baseline 0.001 -16"><span class='ocrx_word' id='word_1_82' title='bbox 167 1993 329 2073; x_wconf 81' lang='lat' dir='ltr'>Coragium</span> <span class='ocrx_word' id='word_1_83' title='bbox 348 1993 466 2058; x_wconf 85' lang='lat' dir='ltr'>eunctis</span> <span class='ocrx_word' id='word_1_84' title='bbox 480 1994 597 2059; x_wconf 85' lang='lat' dir='ltr'>hurdilo</span> <span class='ocrx_word' id='word_1_85' title='bbox 611 1997 698 2060; x_wconf 89' lang='lat' dir='ltr'>oorde</span> <span class='ocrx_word' id='word_1_86' title='bbox 709 1997 875 2074; x_wconf 76' lang='lat' dir='ltr'>dederunt,</span> 
     </span>
     <span class='ocr_line' id='line_1_17' title="bbox 207 2099 904 2180; baseline 0.003 -18"><span class='ocrx_word' id='word_1_87' title='bbox 207 2103 265 2162; x_wconf 86' lang='lat' dir='ltr'>Pro</span> <span class='ocrx_word' id='word_1_88' title='bbox 281 2099 486 2179; x_wconf 78' lang='lat' dir='ltr'>confortando,</span> <span class='ocrx_word' id='word_1_89' title='bbox 501 2102 590 2164; x_wconf 70' lang='lat' dir='ltr'>rerba</span> <span class='ocrx_word' id='word_1_90' title='bbox 606 2102 756 2180; x_wconf 84' lang='lat' dir='ltr'>sequenda</span> <span class='ocrx_word' id='word_1_91' title='bbox 771 2101 880 2166; x_wconf 84' lang='lat' dir='ltr'>dobant</span> <span class='ocrx_word' id='word_1_92' title='bbox 899 2125 904 2164; x_wconf 95' lang='lat'><strong>:</strong></span> 
     </span>
     <span class='ocr_line' id='line_1_18' title="bbox 164 2199 872 2283; baseline -0.001 -15"><span class='ocrx_word' id='word_1_93' title='bbox 164 2205 232 2268; x_wconf 91' lang='lat' dir='ltr'>Non</span> <span class='ocrx_word' id='word_1_94' title='bbox 247 2221 300 2265; x_wconf 88' lang='lat' dir='ltr'>ros</span> <span class='ocrx_word' id='word_1_95' title='bbox 314 2199 465 2281; x_wconf 84' lang='lat' dir='ltr'>Hispanus</span> <span class='ocrx_word' id='word_1_96' title='bbox 475 2202 601 2280; x_wconf 83' lang='lat' dir='ltr'>jaololor</span> <span class='ocrx_word' id='word_1_97' title='bbox 615 2208 724 2267; x_wconf 83' lang='lat' dir='ltr'>lerreal</span> <span class='ocrx_word' id='word_1_98' title='bbox 738 2201 808 2283; x_wconf 89' lang='lat' dir='ltr'>ille,</span> <span class='ocrx_word' id='word_1_99' title='bbox 866 2265 872 2276; x_wconf 83' lang='grc'>,</span> 
     </span>
     <span class='ocr_line' id='line_1_19' title="bbox 205 2305 938 2388; baseline 0.001 -18"><span class='ocrx_word' id='word_1_100' title='bbox 205 2307 263 2370; x_wconf 89' lang='lat' dir='ltr'>Per</span> <span class='ocrx_word' id='word_1_101' title='bbox 277 2305 432 2368; x_wconf 81' lang='lat' dir='ltr'>Christum</span> <span class='ocrx_word' id='word_1_102' title='bbox 446 2305 609 2368; x_wconf 83' lang='lat' dir='ltr'>llominum</span> <span class='ocrx_word' id='word_1_103' title='bbox 625 2306 718 2384; x_wconf 81' lang='lat' dir='ltr'>gloria</span> <span class='ocrx_word' id='word_1_104' title='bbox 730 2309 832 2388; x_wconf 85' lang='lat' dir='ltr'>perdel</span> <span class='ocrx_word' id='word_1_105' title='bbox 846 2325 916 2372; x_wconf 92' lang='lat' dir='ltr'>eum</span> <span class='ocrx_word' id='word_1_106' title='bbox 933 2331 938 2371; x_wconf 95' lang='lat'><strong>:</strong></span> 
     </span>
     <span class='ocr_line' id='line_1_20' title="bbox 163 2409 1022 2490; baseline 0.001 -17"><span class='ocrx_word' id='word_1_107' title='bbox 163 2409 1022 2490; x_wconf 83' lang='lat' dir='ltr'>GrandusadestldestrusdeFransa,eunolagnheruans,</span> 
     </span>
     <span class='ocr_line' id='line_1_21' title="bbox 208 2509 829 2592; baseline -0.005 -16"><span class='ocrx_word' id='word_1_108' title='bbox 208 2511 367 2576; x_wconf 80' lang='lat' dir='ltr'>Auxilium</span> <span class='ocrx_word' id='word_1_109' title='bbox 381 2511 480 2592; x_wconf 85' lang='lat' dir='ltr'>nobis,</span> <span class='ocrx_word' id='word_1_110' title='bbox 496 2509 714 2591; x_wconf 83' lang='lat' dir='ltr'>consiliumque</span> <span class='ocrx_word' id='word_1_111' title='bbox 725 2511 805 2574; x_wconf 88' lang='lat' dir='ltr'>dabit</span> <span class='ocrx_word' id='word_1_112' title='bbox 823 2533 829 2573; x_wconf 93' lang='lat'>:</span> 
     </span>
     <span class='ocr_line' id='line_1_22' title="bbox 105 2609 1025 2696; baseline -0.002 -16"><span class='ocrx_word' id='word_1_113' title='bbox 105 2609 128 2634; x_wconf 60' lang='lat' dir='ltr'><em>s</em></span> <span class='ocrx_word' id='word_1_114' title='bbox 164 2619 345 2682; x_wconf 86' lang='lat' dir='ltr'>Forlhonus</span> <span class='ocrx_word' id='word_1_115' title='bbox 360 2623 405 2680; x_wconf 86' lang='lat' dir='ltr'>est</span> <span class='ocrx_word' id='word_1_116' title='bbox 420 2617 561 2696; x_wconf 84' lang='lat' dir='ltr'>llleslrus,</span> <span class='ocrx_word' id='word_1_117' title='bbox 579 2631 695 2695; x_wconf 87' lang='lat' dir='ltr'>semper</span> <span class='ocrx_word' id='word_1_118' title='bbox 706 2633 759 2694; x_wconf 89' lang='lat' dir='ltr'>pro</span> <span class='ocrx_word' id='word_1_119' title='bbox 769 2615 850 2693; x_wconf 80' lang='lat' dir='ltr'>Rege</span> <span class='ocrx_word' id='word_1_120' title='bbox 862 2616 1025 2695; x_wconf 73' lang='lat' dir='ltr'>transihat,</span> 
     </span>
     <span class='ocr_line' id='line_1_23' title="bbox 205 2717 907 2800; baseline -0.003 -16"><span class='ocrx_word' id='word_1_121' title='bbox 205 2723 244 2784; x_wconf 87' lang='lat' dir='ltr'>Se</span> <span class='ocrx_word' id='word_1_122' title='bbox 259 2719 333 2783; x_wconf 79' lang='lat' dir='ltr'>nillil</span> <span class='ocrx_word' id='word_1_123' title='bbox 346 2725 522 2800; x_wconf 80' lang='lat' dir='ltr'>ospargnul‚</span> <span class='ocrx_word' id='word_1_124' title='bbox 539 2719 657 2797; x_wconf 81' lang='lat' dir='ltr'>quando</span> <span class='ocrx_word' id='word_1_125' title='bbox 673 2719 792 2783; x_wconf 81' lang='lat' dir='ltr'>ualalna</span> <span class='ocrx_word' id='word_1_126' title='bbox 808 2717 907 2797; x_wconf 82' lang='lat' dir='ltr'>renil3</span> 
     </span>
     <span class='ocr_line' id='line_1_24' title="bbox 161 2819 858 2902; baseline -0.006 -16"><span class='ocrx_word' id='word_1_127' title='bbox 161 2823 249 2886; x_wconf 80' lang='lat' dir='ltr'>Alter</span> <span class='ocrx_word' id='word_1_128' title='bbox 261 2819 419 2902; x_wconf 77' lang='lat' dir='ltr'>Aristides,</span> <span class='ocrx_word' id='word_1_129' title='bbox 437 2819 535 2884; x_wconf 83' lang='lat' dir='ltr'>dietus</span> <span class='ocrx_word' id='word_1_130' title='bbox 547 2819 724 2899; x_wconf 81' lang='lat' dir='ltr'>cognomine</span> <span class='ocrx_word' id='word_1_131' title='bbox 734 2821 837 2900; x_wconf 84' lang='lat' dir='ltr'>justus</span> <span class='ocrx_word' id='word_1_132' title='bbox 850 2869 858 2901; x_wconf 84' lang='lat'><em>,</em></span> 
     </span>
     <span class='ocr_line' id='line_1_25' title="bbox 203 2922 828 3005; baseline -0.006 -17"><span class='ocrx_word' id='word_1_133' title='bbox 203 2925 333 2988; x_wconf 88' lang='lat' dir='ltr'>Consilio</span> <span class='ocrx_word' id='word_1_134' title='bbox 347 2926 475 3004; x_wconf 86' lang='lat' dir='ltr'>pollens,</span> <span class='ocrx_word' id='word_1_135' title='bbox 496 2931 541 2986; x_wconf 83' lang='lat' dir='ltr'>est</span> <span class='ocrx_word' id='word_1_136' title='bbox 555 2922 708 3005; x_wconf 86' lang='lat' dir='ltr'>sepienlus</span> <span class='ocrx_word' id='word_1_137' title='bbox 719 2925 828 3000; x_wconf 90' lang='lat' dir='ltr'>homo;</span> 
     </span>
     <span class='ocr_line' id='line_1_26' title="bbox 161 3025 813 3108; baseline -0.009 -16"><span class='ocrx_word' id='word_1_138' title='bbox 161 3028 250 3092; x_wconf 82' lang='lat' dir='ltr'>Claro</span> <span class='ocrx_word' id='word_1_139' title='bbox 262 3025 417 3108; x_wconf 82' lang='lat' dir='ltr'>praeslabil</span> <span class='ocrx_word' id='word_1_140' title='bbox 436 3026 523 3089; x_wconf 90' lang='lat' dir='ltr'>nobis</span> <span class='ocrx_word' id='word_1_141' title='bbox 538 3025 684 3090; x_wconf 73' lang='lat' dir='ltr'>tutamina</span> <span class='ocrx_word' id='word_1_142' title='bbox 699 3042 790 3088; x_wconf 91' lang='lat' dir='ltr'>sensu</span> <span class='ocrx_word' id='word_1_143' title='bbox 807 3047 813 3086; x_wconf 93' lang='lat'>:</span> 
     </span>
     <span class='ocr_line' id='line_1_27' title="bbox 201 3127 900 3210; baseline -0.001 -18"><span class='ocrx_word' id='word_1_144' title='bbox 201 3131 309 3209; x_wconf 83' lang='lat' dir='ltr'>Donet,</span> <span class='ocrx_word' id='word_1_145' title='bbox 330 3129 449 3208; x_wconf 84' lang='lat' dir='ltr'>quando</span> <span class='ocrx_word' id='word_1_146' title='bbox 461 3136 571 3209; x_wconf 81' lang='lat' dir='ltr'>polest,</span> <span class='ocrx_word' id='word_1_147' title='bbox 584 3129 648 3210; x_wconf 92' lang='lat' dir='ltr'>ipse</span> <span class='ocrx_word' id='word_1_148' title='bbox 662 3127 790 3191; x_wconf 76' lang='lat' dir='ltr'>libenter</span> <span class='ocrx_word' id='word_1_149' title='bbox 802 3143 900 3208; x_wconf 91' lang='lat' dir='ltr'>opem.</span> 
     </span>
     <span class='ocr_line' id='line_1_28' title="bbox 158 3230 858 3313; baseline -0.006 -15"><span class='ocrx_word' id='word_1_150' title='bbox 158 3232 296 3298; x_wconf 78' lang='lat' dir='ltr'>Arlerius</span> <span class='ocrx_word' id='word_1_151' title='bbox 310 3235 426 3297; x_wconf 80' lang='lat' dir='ltr'>Praetor</span> <span class='ocrx_word' id='word_1_152' title='bbox 438 3250 492 3313; x_wconf 92' lang='lat' dir='ltr'>pro</span> <span class='ocrx_word' id='word_1_153' title='bbox 507 3231 576 3294; x_wconf 82' lang='lat' dir='ltr'>uilla</span> <span class='ocrx_word' id='word_1_154' title='bbox 591 3230 696 3294; x_wconf 91' lang='lat' dir='ltr'>deinde</span> <span class='ocrx_word' id='word_1_155' title='bbox 709 3233 837 3295; x_wconf 83' lang='lat' dir='ltr'>caralnal</span> <span class='ocrx_word' id='word_1_156' title='bbox 851 3281 858 3312; x_wconf 87' lang='lat'>‚</span> 
     </span>
     <span class='ocr_line' id='line_1_29' title="bbox 199 3335 844 3415; baseline 0.002 -18"><span class='ocrx_word' id='word_1_157' title='bbox 199 3336 369 3400; x_wconf 81' lang='lat' dir='ltr'>Caussnndo</span> <span class='ocrx_word' id='word_1_158' title='bbox 382 3337 493 3415; x_wconf 74' lang='lat' dir='ltr'>bellue,</span> <span class='ocrx_word' id='word_1_159' title='bbox 510 3335 719 3415; x_wconf 82' lang='lat' dir='ltr'>ouperonundo</span> <span class='ocrx_word' id='word_1_160' title='bbox 732 3335 820 3415; x_wconf 90' lang='lat' dir='ltr'>podes</span> <span class='ocrx_word' id='word_1_161' title='bbox 838 3357 844 3397; x_wconf 92' lang='lat'>:</span> 
     </span>
    </p>
   </div>
   <div class='ocr_carea' id='block_1_3' title="bbox 0 0 1274 4224">
    <p class='ocr_par' dir='ltr' id='par_1_3' title="bbox 0 0 1274 4224">
     <span class='ocr_line' id='line_1_30' title="bbox 0 0 1274 4224; baseline 0 0"><span class='ocrx_word' id='word_1_162' title='bbox 0 0 1274 4224; x_wconf 95' lang='lat' dir='ltr'> </span> 
     </span>
    </p>
   </div>
  </div>
 </body>
</html>
