2504 4240
375 455 529 510 errourour
552 459 758 505 ruruerrnnrs.
952 447 990 504 39

129 569 249 646 Dugum
263 571 413 654 Savoyhae
435 574 608 652 possumus,
624 581 746 656 propter
764 591 895 654 amores;

167 671 351 754 Veyrerinm
372 677 512 756 semblat,
526 676 570 740 sio
587 695 640 740 sua
661 675 750 756 gibba
763 679 863 756 lerat;

126 773 230 850 Nocte,
249 775 299 839 die
322 781 457 842 multum
475 779 523 843 eoi
538 797 620 844 nune
641 799 694 844 sua
724 788 801 845 testa
817 782 986 858 trabalhat,

163 879 275 942 Contra
292 883 356 945 Vos
371 882 464 946 etiam
487 885 564 948 forte
577 885 719 948 dolemus
740 888 845 951 adest:

123 983 245 1048 Francia
271 987 442 1070 Savoyham
462 1007 516 1052 our
539 996 633 1053 totam
647 989 799 1071 prenderit
812 989 876 1071 illi,

159 1085 198 1148 Et
221 1105 294 1152 curn
319 1091 491 1155 bombardis
502 1108 610 1170 guerra
629 1091 751 1156 [rotavit
774 1109 864 1171 eum3

121 1187 224 1267 Atque
248 1193 447 1258 Piemontem
469 1193 511 1257 sie
532 1194 759 1258 ambrassaverit
786 1212 923 1276 omnem,

160 1293 199 1356 Et
212 1301 311 1360 totam
330 1298 469 1360 Bressam
490 1297 595 1360 'feeerit
608 1305 698 1378 atque
712 1315 797 1363 suam
818 1323 825 1362 :

120 1395 157 1458 Et
180 1399 323 1462 nondum
344 1398 439 1476 tinis;
462 1415 544 1462 nuno
562 1408 657 1464 eeroat
677 1403 821 1482 prendere
845 1402 982 1480 Nissanr,

158 1497 260 1578 Atque
274 1503 390 1565 Novam
402 1507 513 1564 terram
527 1504 593 1565 vult
606 1502 731 1568 retirare
749 1521 848 1568 suam.

117 1600 176 1662 Sed
191 1621 283 1668 neruo
303 1609 422 1685 penset,
447 1604 527 1684 quod
550 1605 615 1669 Rex
634 1607 664 1671 id
678 1607 748 1672 feeit
762 1615 918 1671 atorturn:

158 1707 231 1780 Quae
258 1711 342 1775 venit
356 1729 394 1775 ex
408 1714 526 1796 merito,
542 1733 634 1796 poena
650 1713 770 1778 terenda
786 1712 879 1775 venit.

119 1807 164 1872 Ad
178 1813 327 1879 Fransam
346 1815 426 1898 feeit,
439 1824 471 1880 tu
484 1817 553 1898 scis,
570 1816 758 1880 incommoda
772 1817 867 1878 multa
881 1865 888 1896 ,

157 1915 195 1976 Et
210 1916 329 1999 majora
352 1919 447 2000 daret,
469 1919 494 1982 si
514 1919 570 1982 sibi
584 1921 661 1982 torsa
676 1920 762 1982 ioret.

119 2013 293 2084 Tunernale
305 2037 354 2084 res
373 2022 497 2102 vadunt,
513 2023 642 2104 brayhas
655 2022 728 2084 dum
739 2020 861 2085 foernina
875 2028 975 2103 portat

156 2125 392 2212 OECousiliurn
414 2129 506 2191 donat
531 2127 654 2190 foemina
674 2145 738 2190 rara
759 2128 884 2190 bonum.

118 2223 202 2291 Nulla
217 2231 283 2295 tere
306 2249 394 2294 eausa
409 2239 467 2311 est,
481 2229 583 2311 inqua
598 2249 656 2294 non
670 2231 793 2294 ioernina
808 2231 893 2296 litem

157 2333 266 2417 Ponat,
282 2352 353 2398 eum
375 2337 482 2399 saltem
501 2335 595 2415 gloria
614 2342 702 2398 vexat
716 2353 782 2399 eam
809 2359 815 2398 :

118 2436 253 2506 Feernina
275 2444 337 2504 sola
358 2449 458 2522 potest
474 2447 580 2520 gentes
594 2440 765 2503 destrusere
779 2442 898 2520 plures,

155 2545 186 2607 Si
204 2548 284 2610 bene
296 2547 478 2625 complaceat
503 2553 593 2608 eunta
619 2541 750 2606 maritos
774 2542 813 2606 ei.

119 2645 181 2710 Non
194 2657 243 2713 ost
257 2649 301 2712 ira
316 2649 437 2728 quidem
459 2647 622 2712 mulierum
640 2648 771 2728 desuper
789 2645 875 2726 iram,

157 2754 199 2818 De
214 2753 330 2818 modica
352 2773 440 2818 eausa
455 2759 531 2816 testa
552 2757 683 2814 reversat
699 2749 753 2814 eis.

121 2851 268 2932 Foernina,
280 2856 398 2934 quaudo
408 2854 477 2918 tacit
491 2872 559 2933 quae
573 2855 648 2933 volt,
663 2859 732 2933 post
745 2853 819 2916 taeta
831 2857 972 2917 retornat:

157 2962 275 3024 Cornua
297 2978 350 3042 per
370 2967 480 3023 testam
504 2976 583 3039 saepe
604 2957 732 3020 maritus
747 2957 848 3021 habet.

120 3061 334 3143 luearognatus
355 3081 435 3127 nune
456 3070 501 3126 est
522 3061 552 3124 iu
577 3077 678 3124 amore
700 3059 813 3122 ribaldo

156 3166 296 3248 Quidam,
315 3183 406 3246 quem
424 3167 520 3246 parlat
537 3161 654 3245 publiea
667 3163 745 3224 tama
764 3161 846 3226 satis.

117 3269 312 3353 Temporibus
331 3270 441 3335 nostris
460 3285 535 3333 rarae
562 3265 674 3329 virtute
697 3266 860 3347 fruuntur3

155 3376 212 3437 Per
231 3382 330 3438 totum
351 3373 496 3437 mondum
516 3368 670 3434 luxuriare
693 3371 808 3434 volunt.
