2538 4224
407 421 562 474 caronroor
585 424 789 468 rnrrnnronrs.
983 407 1021 466 53

168 531 217 594 Ad
230 545 372 610 campum
387 529 498 610 pedites
512 530 666 612 capiebant
678 550 775 612 usque
784 533 932 598 cabannas

208 636 311 700 Nostri
320 637 455 719 paysani,
471 655 559 702 sensa
573 638 678 702 timere
693 656 811 704 renum.

168 737 208 799 Et
222 737 361 817 quamvis
375 739 480 802 furnos
493 739 603 802 iterum
613 741 774 823 l'Espagna
792 742 978 826 redrcyssct,

209 842 312 922 Atque
326 842 507 924 molendina,
520 845 606 908 blada
621 847 759 910 molendo
774 866 826 910 sua
842 869 849 925 ;

169 944 227 1009 Per
241 945 303 1009 rim
315 953 383 1026 post
394 964 506 1029 paysus
520 947 633 1028 rumpit
649 949 807 1014 crudeliter
821 949 905 1029 idos,

209 1048 347 1113 Auticios
361 1067 466 1114 ornnes
480 1057 510 1114 et
524 1053 702 1116 removendo
716 1053 831 1132 procul.

167 1156 281 1218 Bursas
294 1154 426 1233 garnitas
436 1162 560 1234 argento
575 1172 653 1235 saepe
667 1157 828 1234 gafahans,

209 1258 284 1332 Quae
296 1255 352 1320 sibi
365 1275 418 1339 per
430 1276 538 1338 corpus
550 1258 656 1337 gaudia
671 1277 773 1337 grossa
783 1260 905 1324 dabant.

135 1391 140 1398 ·
166 1361 297 1444 Paysani
315 1368 436 1442 portant
450 1360 651 1450 abilhanrenia
665 1361 778 1441 veluti;

208 1469 333 1534 Rustica
354 1468 512 1550 progenies
533 1468 641 1533 nobilis
655 1469 753 1532 omnis
767 1477 842 1534 erat.

170 1571 355 1650 Barnagiuna
375 1572 534 1638 iecitcerie
552 1571 706 1636 Prorincia
727 1579 852 1636 nostra:

209 1681 267 1749 σῖ
277 1675 394 1739 Nostris
408 1675 548 1759 paysanis
563 1675 657 1754 gloria
671 1676 767 1740 danda
781 1676 872 1739 venit.

169 1781 252 1844 Ense
261 1778 340 1842 riam
353 1779 488 1860 rumpit,
510 1778 563 1859 qui
581 1796 633 1860 per
648 1779 794 1844 contraria
817 1786 933 1860 passat;

210 1887 239 1949 ls
253 1887 332 1948 mala
350 1885 512 1964 cognoscit,
526 1883 579 1963 qui
589 1884 666 1948 bona
681 1886 776 1947 multa
795 1883 882 1964 sapit.

175 1988 220 2051 Tu
237 2006 357 2069 quoque
377 1991 423 2054 iac
446 1989 544 2054 simile
556 1988 706 2072 paysanis,
720 1989 839 2069 Spagna
854 1989 1004 2070 oridabat,

209 2097 316 2160 Nullos
327 2113 481 2177 esparnes,
508 2096 628 2175 qnando
640 2102 725 2160 tnare
738 2102 823 2176 poles
836 2118 842 2158 :

167 2201 308 2279 Aniassa,
319 2215 435 2264 amasso
449 2198 587 2279 villanos,
605 2205 703 2283 irayta
722 2201 860 2277 carradra3

208 2302 319 2366 Nullus
331 2300 386 2380 eis,
403 2318 516 2381 quaeso,
529 2309 642 2382 parcat,
658 2318 758 2366 amore
769 2301 834 2366 Dei.
954 2360 956 2365 .

167 2407 347 2470 Amercesse
360 2406 445 2470 decet
466 2407 634 2483 guerrando
657 2406 803 2485 prendere
817 2408 927 2486 nullos,

210 2511 323 2575 Omnes
344 2524 491 2592 paysanos
501 2527 583 2574 arma
593 2516 717 2574 cruenta
731 2516 818 2574 tuent
834 2533 840 2570 :

168 2617 248 2680 Cum
266 2634 321 2679 nos
343 2617 471 2680 saldatos
486 2615 589 2680 villani
602 2616 747 2698 prendere
764 2622 903 2695 possunt,
977 2653 979 2657 -

84 2799 87 2802 Ι
215 2717 276 2799 lpsi
301 2737 356 2784 nos
375 2720 520 2784 mandant
534 2727 634 2800 presto
646 2718 745 2782 ridere
758 2718 877 2781 Deum:

168 2823 342 2888 Arransone
354 2823 460 2886 volunt
471 2823 649 2900 gendarmos
658 2821 803 2902 prendere
817 2821 935 2901 nullos,

213 2924 280 2988 Non
294 2943 370 3005 opus
391 2923 702 3005 estetiamdepietate
714 2923 807 3004 loqui.

169 3029 245 3090 Plus
259 3035 415 3108 peramant
426 3035 554 3092 morrena
564 3026 680 3106 saldaii,
696 3043 787 3106 qoam
807 3027 884 3090 bona
898 3032 1004 3090 cuncta
1018 3047 1024 3106 ;

210 3130 284 3193 Plus
307 3148 399 3210 quarn
422 3130 543 3196 borrelli
556 3129 726 3194 carnificare
746 3131 854 3194 solent.

168 3233 229 3298 Sed
248 3239 350 3302 tanen
371 3236 534 3304 adrerum
558 3250 686 3316 paysans
700 3251 760 3296 non
781 3251 858 3316 saepe
878 3235 1024 3313 trabant,

209 3337 254 3400 De
267 3339 453 3404 ransonando
468 3336 598 3403 maxima
612 3353 720 3416 guerra
739 3336 807 3409 fuit,
