2504 4240
274 422 311 480 ib
423 425 428 436 '
537 439 657 483 narona
678 439 854 485 unrnurnrsn

268 546 333 607 Non
348 544 460 624 patitur
472 561 569 610 mores
583 546 712 610 hominis
725 555 831 611 natura
846 547 984 626 nefandi3

308 652 417 714 Contra
430 659 567 716 naturam
585 653 709 717 erimina
728 657 813 735 plura
826 657 946 720 dabant.

268 757 372 818 Plures
390 754 520 818 Nissardi
536 766 682 821 venerunt
700 759 737 821 ad
751 760 778 820 la
791 758 945 839 rapinam,

307 864 364 931 (β’
374 857 474 937 Atque
488 857 636 938 Ginovosi,
654 876 728 937 gens
741 861 830 939 bona,
848 862 960 923 Fransa
975 861 1049 942 sapit
1066 882 1070 891 ·

264 963 405 1025 Nostrum
417 962 608 1042 baggagium
622 963 767 1043 Genuam,
780 962 958 1043 Nissamque
971 964 1104 1044 tirarunt;

303 1070 360 1132 Per
374 1085 467 1147 mare,
481 1087 533 1149 per
545 1077 666 1148 terram,
687 1068 772 1133 Nissa
785 1070 915 1133 robanda
930 1071 1011 1134 tirat.

265 1172 322 1234 Per
340 1188 457 1249 grossas
475 1171 588 1250 bareas,
605 1171 788 1250 Genuenses‚
802 1179 892 1250 atque
904 1175 1020 1250 gaioras

304 1273 435 1336 Plurima
450 1281 618 1354 portarunt,
638 1291 708 1338 oum
727 1275 840 1340 ratione
851 1277 940 1338 mala.

264 1377 518 1442 lnventarisabant
538 1377 579 1440 nil
597 1380 674 1441 bona
689 1380 807 1459 quando
822 1379 987 1457 robabant,

300 1478 423 1556 Absque
441 1480 540 1542 labore
551 1477 614 1541 'sibi
632 1496 733 1557 grassa
752 1477 857 1542 butina
876 1486 1019 1542 oroeant:

261 1579 318 1642 Sed
332 1581 408 1644 bene
422 1580 482 1643 sint
500 1579 583 1659 certi,
599 1587 743 1658 tanquam
758 1581 794 1643 de
808 1586 904 1643 morte
915 1579 1025 1644 morire
1041 1631 1049 1660 ‚

299 1683 383 1756 Quod
394 1685 541 1748 Provensa
552 1683 618 1747 illos
637 1683 741 1764 puniet
753 1701 812 1746 una
824 1683 899 1746 dies.

259 1788 400 1870 Virgilius
411 1789 502 1871 dixit,
518 1797 618 1853 manet
629 1792 689 1852 alta
708 1797 810 1852 mente
821 1795 975 1868 repostum

295 1894 443 1958 Iudicium
459 1895 590 1974 Paridis;
612 1895 664 1975 qui
682 1897 759 1959 mala
780 1895 911 1976 prendit,
931 1893 1005 1957 odit.

255 1999 354 2062 Firma
370 2007 470 2062 manet
489 1999 611 2064 minime
625 2017 742 2081 semper
753 2001 872 2063 fortuna
885 2017 937 2080 per
949 1998 1030 2080 ipsos
1044 2049 1052 2078 ,

295 2104 334 2167 ut
348 2109 512 2166 oontramet
526 2121 576 2166 eos
595 2121 674 2184 saepe
688 2121 804 2168 reversa
821 2102 878 2166 fuit
896 2125 902 2164 :

253 2206 318 2268 Non
331 2205 446 2266 tardare
460 2211 557 2284 potest
572 2207 651 2285 plus,
667 2212 804 2285 pensent,
823 2212 957 2284 ternpore
970 2207 1081 2283 longo}

294 2305 490 2370 Devinoemus
509 2325 570 2388 eos,
590 2310 705 2388 absque
717 2310 821 2372 dutare
836 2325 933 2391 ryem.

253 2411 309 2474 Per
321 2417 420 2491 eaput,
433 2418 464 2474 et
483 2417 590 2492 oostas,
611 2430 664 2474 nos
683 2411 923 2493 oharpinabimus
935 2411 1005 2476 illos

293 2515 394 2593 Usque
405 2515 442 2577 ad
453 2515 482 2576 la
496 2521 633 2595 mortem,
654 2515 873 2595 restituentque
887 2517 981 2594 bona;

253 2619 292 2682 ut
305 2621 382 2685 bono
392 2619 563 2682 clamabunt
578 2641 583 2680 :
601 2617 697 2698 nobis,
713 2618 877 2700 Provinoia,
893 2637 1003 2700 paros,

291 2723 456 2787 Perdonem
468 2721 609 2803 petimus,
625 2728 792 2802 ounotaquo
810 2729 912 2786 nostra
926 2740 1019 2804 cape:

252 2829 396 2911 Escanapa
415 2829 501 2893 nobis
519 2847 671 2910 personas,
692 2828 753 2892 sive
770 2831 799 2891 la
814 2827 930 2908 vitam,
1023 2889 1025 2893 .

290 2931 350 2995 Nos
364 2937 467 3010 grenat
478 2931 515 2993 ad
527 2937 655 2994 mortem
669 2937 765 2992 vestra
776 2930 897 2993 robasse
907 2930 998 2992 bona.

252 3033 336 3096 Tuno
349 3031 537 3114 respondebit
551 3029 649 3096 subito
663 3031 816 3096 Provincia
832 3037 934 3094 nostra

291 3137 365 3211 Quae
377 3140 505 3201 blessata
519 3137 587 3220 fuit,
603 3136 773 3218 saquegiata
789 3134 898 3200 nimis:

250 3241 334 3306 Nissa
349 3241 459 3306 ribalda
475 3251 547 3325 taoe,
568 3261 649 3308 nuno
662 3250 690 3308 te
704 3245 853 3306 Provensa
867 3238 1017 3320 monebit,

290 3345 329 3409 Ut
341 3345 472 3409 tratastis
486 3365 563 3430 eam,
580 3347 771 3428 carregiando
786 3349 871 3412 rubas
886 3370 891 3409 :
