2538 4224
400 435 554 488 caronroru
577 437 782 484 rnrnulrours.
978 417 1017 478 77

164 544 281 606 Dellino
297 538 351 604 leci
365 541 443 604 bollo
457 541 567 604 donaro
580 541 738 622 verinum,

203 653 261 720 ot?
272 648 372 709 Plorat
386 663 456 709 eum
472 645 599 726 genitor,
615 645 737 709 Francia
753 651 814 708 tota
831 646 932 708 simul.

164 751 198 810 ln
217 751 328 812 l’autro
342 750 455 812 mundo
469 750 600 811 salvatus
614 767 685 828 paca
705 748 837 829 quiescat
850 798 858 829 ‚

204 853 244 915 Et
260 871 313 915 sua
327 869 397 916 oum
410 852 528 916 Christo
543 851 672 915 molliter
686 870 751 914 ossa
766 853 876 915 cubent
894 875 900 914 :

164 957 222 1019 Sod
238 974 298 1018 non
314 957 395 1018 solus
409 973 502 1036 eram,
519 955 615 1018 dando
629 955 750 1018 consilia
764 957 890 1037 mortis,

204 1065 263 1132 o?
273 1059 370 1138 Alter,
386 1075 477 1138 quem
493 1066 587 1138 laneo,
603 1056 817 1138 participamus
832 1068 906 1122 erat.

164 1161 214 1225 Sic
228 1161 318 1225 otiam
337 1160 412 1224 dixit
426 1162 540 1225 Gontus
554 1161 590 1225 do
604 1161 868 1238 llonto-Cuoullo,

206 1265 331 1338 Quando
344 1266 376 1328 lo
388 1267 536 1328 borrellus
549 1264 712 1345 justiciarit
726 1283 807 1328 eum.

165 1368 214 1431 llli
228 1369 351 1430 donarat
365 1367 398 1430 in
417 1385 494 1448 aqua
509 1371 635 1431 mortale
649 1385 798 1432 venenum
812 1417 818 1429 .

208 1471 242 1532 ln
258 1472 369 1550 granda
384 1479 463 1535 tassa
478 1489 547 1535 oum
561 1471 693 1554 liaboyro
706 1471 796 1533 dedit.

165 1572 249 1636 lllioo
264 1572 388 1639 vidisses
403 1583 470 1655 post
484 1576 665 1639 assemblara
679 1573 809 1651 diablas;

207 1677 242 1737 In
258 1679 332 1739 ooelo
346 1680 475 1758 parlant,
490 1695 646 1740 murmura
661 1694 768 1754 magna
787 1684 921 1739 manant.

167 1778 277 1842 Grossa
291 1779 367 1844 cadit
382 1781 492 1862 pluvia,
512 1784 704 1860 multumque
719 1779 849 1843 tonitrua
862 1782 998 1860 polsant;

208 1882 325 1946 Classos
340 1883 487 1947 d'inlorno
502 1884 545 1946 sio
561 1903 613 1946 sua
628 1885 729 1947 clooha
745 1890 840 1945 sonat.

171 1985 249 2047 Cum
263 1985 401 2066 moritur,
417 1994 537 2050 tantum
551 1993 714 2067 tempestas
729 2004 831 2065 grossa
845 1987 967 2050 tonabat

209 2086 336 2167 Propter
349 2105 442 2167 aquas
460 2094 571 2168 tantas,
588 2092 667 2169 quod
682 2089 768 2168 quasi
782 2107 889 2168 guerra
903 2095 1004 2167 negat.

168 2189 217 2251 ud
232 2190 372 2255 Sanctam
385 2193 503 2256 Claram
522 2191 702 2274 triopalham
716 2199 821 2274 pausat
836 2201 866 2256 et
880 2209 999 2256 omnem
1017 2241 1023 2270 ,

81 2359 83 2362 .
175 2361 178 2366 ,
208 2295 323 2374 Corpus
337 2293 368 2356 in
383 2295 498 2358 ltaliam
512 2295 676 2374 carregiare
690 2295 770 2360 lacit.

168 2398 241 2460 Post
256 2404 385 2461 mortem
399 2400 516 2478 plorant
531 2399 667 2478 Domini,
684 2397 841 2477 grossiquo
854 2399 1004 2476 Barones;

211 2503 323 2567 Omnes
338 2503 443 2567 saldati
455 2523 486 2568 so
499 2504 623 2569 retiraro
637 2506 753 2568 volunt.

169 2608 262 2669 Barca
276 2609 363 2670 modo
378 2615 466 2688 rupta
480 2615 537 2689 ost,
553 2626 606 2690 por
620 2615 732 2671 terram
746 2605 867 2684 naviget
881 2604 978 2668 omnis
996 2628 1003 2668 :

211 2711 249 2773 Se
264 2713 369 2792 salvet,
384 2711 494 2792 poterit
509 2713 572 2793 qui,
588 2711 731 2793 rapiendo
743 2711 858 2788 lugam.

170 2811 363 2891 imporelator
377 2813 419 2876 ait
435 2837 442 2876 :
459 2831 528 2876 sum
542 2823 669 2894 mortus,
686 2812 804 2898 Christo
817 2811 947 2891 benigno
964 2833 970 2874 :

213 2914 385 2996 (Coraginm
404 2924 484 2981 corto
497 2917 623 2998 perdidit
638 2934 726 2980 omne
741 2913 843 2999 suum)

169 3019 348 3086 Assomatus
361 3039 413 3084 aro
426 3027 489 3086 toto
507 3039 577 3106 myo
591 3029 724 3100 ternpore
740 3017 829 3098 vita,

211 3126 265 3190 Illo
278 3127 421 3206 magister
435 3135 510 3209 erat,
525 3125 742 3204 consiliumque
756 3141 868 3189 meum.

168 3230 270 3293 Plorat
284 3247 366 3312 oum,
383 3249 502 3311 grossos
515 3233 655 3312 planctus
669 3229 706 3293 da
719 3236 839 3310 pectore
852 3231 942 3295 donat
955 3251 963 3310 ;

209 3333 275 3398 Nou
290 3333 418 3401 dormire
432 3342 541 3418 potest,
557 3331 689 3413 mangiat
703 3339 795 3417 atqua
807 3333 882 3398 nihil
898 3357 905 3398 :
