2504 4240
405 439 560 492 carentem
582 441 790 486 rurunmoms.
986 428 1025 486 43

151 547 324 610 Plurabant
341 551 445 629 plnres
460 557 566 629 gentes
580 551 618 614 de
632 570 762 633 paupere
776 570 869 632 regnu
884 577 890 616 ι

192 657 253 722 aa?
267 650 331 723 Qui
346 660 428 716 caret
442 661 578 734 argento,
595 671 627 718 se
641 656 779 738 rejonyre
793 657 908 736 nequit.

25 793 31 804 ·
150 753 216 816 Non
234 743 371 834 potuere
387 764 486 821 tamen
507 766 582 824 tune
597 765 701 837 gemes
712 760 811 824 omnia
826 762 921 840 ferre3

189 857 291 920 Nemo
312 860 424 922 donans
439 864 544 941 plenas
560 862 723 941 nettegiare
737 870 844 945 potest.

146 959 213 1022 Non
226 968 352 1036 tantam
361 966 487 1030 bradam
497 965 621 1045 iaciunt,
632 969 705 1030 dum
719 967 844 1032 fulmina
865 974 1022 1046 treunam,

189 1065 254 1129 Nes
280 1085 381 1151 mare,
398 1087 452 1135 nee
465 1078 585 1151 renim,
598 1074 671 1136 dnm
681 1077 758 1137 male
770 1081 890 1154 tempus
901 1075 1024 1153 habent,

149 1169 250 1242 Quam
276 1190 333 1252 per
350 1191 424 1252 gran
441 1193 597 1257 maygram
614 1176 909 1256 braggamreniendo
920 1194 1027 1242 mena-

186 1271 327 1337 Luciieri
343 1273 420 1353 nigri
437 1283 513 1340 tune
529 1296 582 1340 sua
597 1295 704 1358 pompa
719 1277 786 1340 tuit.
944 1277 1020 1361 [bat-

147 1373 236 1438 Tune
252 1385 323 1442 erat
340 1378 372 1441 in
387 1397 479 1461 paysu
494 1397 547 1460 per
561 1399 631 1444 eum
645 1382 766 1445 tretaria
780 1399 901 1461 grossa;

186 1483 368 1548 Semblabat
382 1485 496 1564 bareas,
513 1487 632 1565 quando
648 1503 759 1566 pagare
773 1488 889 1549 velunt.

144 1583 282 1664 Campus
297 1594 363 1650 erat
377 1603 505 1666 magnus
519 1589 655 1667 garnitus
670 1591 706 1652 de
720 1587 861 1652 omnibus
875 1587 966 1651 armis
982 1636 989 1668 ,

185 1685 261 1749 Fert
275 1690 356 1752 hene
369 1689 548 1770 equippatus
561 1689 704 1770 fustibus,
720 1696 811 1768 atque
826 1687 896 1752 viris
910 1739 917 1769 ,

144 1785 203 1859 Qui
217 1791 326 1870 plures
340 1809 463 1872 guerras
477 1801 600 1856 usarant
613 1800 748 1874 tempore
763 1793 874 1871 lon303

186 1892 236 1956 nd
250 1895 332 1958 hene
344 1898 520 1961 battendum
535 1915 622 1962 nemo
636 1899 785 1962 rohardus
798 1903 877 1961 erat.

145 1989 305 2059 dimanat
318 1995 491 2062 innumeras
506 2001 653 2077 sguadras
669 2000 705 2062 de
720 2005 811 2078 gente
824 2001 956 2064 Tudesea
972 2021 978 2078 3

187 2096 265 2170 Quae
280 2107 408 2164 mortem
422 2119 581 2182 nunquam
596 2101 782 2182 pertimuere
798 2105 917 2167 malam.

147 2195 314 2281 Nunquam
328 2202 403 2266 vista
418 2203 475 2266 fuit
490 2221 565 2283 gens
579 2211 642 2269 tam
657 2205 787 2269 crudelis
801 2207 838 2270 ad
852 2224 956 2286 esras,

187 2306 257 2386 lpse
272 2307 395 2386 liiablus
409 2325 459 2372 eas
476 2327 536 2372 non
551 2309 659 2374 satiare
674 2319 785 2391 potest.

145 2404 303 2473 Sassinant
318 2413 474 2493 populum,
490 2415 630 2494 nubant,
646 2415 822 2494 tonsumque
837 2413 949 2480 vielhas
967 2439 972 2492 ³.

186 2511 254 2575 Heu
267 2515 273 2576 1
288 2512 382 2593 pietas
397 2518 479 2580 nulla
491 2523 549 2597 est,
565 2520 698 2598 pullulat
713 2533 802 2579 omne
816 2517 944 2579 malum.

145 2615 308 2699 laugerius
322 2623 400 2683 ultra
416 2629 560 2704 geynetos
578 2623 655 2686 forte
673 2621 852 2701 galhardus,

184 2725 367 2791 bombardae
381 2729 483 2808 plures
497 2735 589 2807 atque
602 2728 724 2792 tenebat
738 2743 854 2806 equae,

144 2823 201 2897 Qui
213 2827 299 2907 quasi
315 2829 351 2893 de
365 2828 490 2910 pedibus
503 2830 552 2894 hie
563 2831 779 2894 demarshando
796 2829 957 2906 volabant3

183 2927 321 3011 Vincere,
338 2932 436 3013 credo,
451 2935 538 3014 lepus
554 2931 603 2995 vix
618 2932 766 3013 potuisset
781 2949 832 2996 ens
850 2953 855 2992 :

144 3031 182 3096 Se
194 3033 420 3116 inartiihabant,
436 3036 555 3114 quande
569 3041 718 3116 trompeta
733 3036 877 3116 sonabat,

182 3137 356 3202 Mordebant
375 3145 480 3217 gentes
495 3136 635 3201 dentibus
650 3145 740 3216 atque
753 3135 829 3204 suis.

142 3240 393 3308 It’arcabuteseris
407 3243 464 3307 suit
485 3240 644 3314 infantaria
660 3259 766 3321 magna
783 3293 789 3323 ,

179 3346 219 3408 Ει
236 3346 273 3410 de
288 3343 431 3427 sinueris,
448 3345 545 3425 erede,
562 3343 734 3428 ¹triumphus
750 3355 823 3420 erat.
