2504 4240
353 387 507 442 carentem
529 389 736 434 rurnnrrems.
954 374 990 432 33

148 492 264 558 Arboris
279 511 369 560 omne
383 513 479 576 genus
499 496 570 559 tecit
583 497 711 560 destrate
723 512 828 575 cenare

183 600 224 662 De
237 617 328 684 prope
349 603 378 664 la
392 600 494 665 uittam
511 623 517 662 :
534 617 621 664 causa
649 599 766 663 detenta
782 598 849 660 tuit.

146 704 328 769 Cteeherium
347 707 511 788 pulchrum
525 703 680 786 sanctique
693 703 815 766 Juannis
829 703 979 782 Aquensis

179 806 352 891 Feygarunt
366 811 510 888 muttum,
526 809 602 871 torte
623 806 753 870 cavando
769 806 883 888 nedem.

143 909 241 975 Plures
255 915 412 978 martellus
426 914 463 976 de
476 913 555 976 terro
567 926 707 991 rumpere
721 909 780 972 ridi
788 909 808 991 ,'

180 1015 292 1080 Ponere
308 1035 362 1098 per
373 1024 486 1083 terram
500 1018 619 1096 quando
632 1020 750 1082 volebat
764 1035 835 1084 cum
850 1042 855 1080 ε

138 1117 202 1180 tam
229 1118 314 1197 quasi
328 1125 496 1202 perventus
507 1118 594 1184 illum
607 1121 769 1184 trambtare
787 1122 941 1202 videbam,

174 1219 211 1282 Et
239 1227 321 1286 totus
336 1224 465 1303 populus
480 1221 538 1285 fort
552 1224 721 1302 regretahat
734 1239 804 1286 eum
824 1245 830 1301 ;

142 1318 196 1384 Sed
218 1341 388 1406 numquam
407 1325 505 1408 putuit
518 1327 648 1392 Mestrus
656 1343 833 1408 componere
847 1329 935 1392 fidem
951 1353 956 1388 ;

174 1426 220 1490 Sic
245 1427 410 1516 emanavit,
425 1426 671 1496 auxitianteneo.

147 1529 335 1596 Desturharit
348 1547 419 1597 eum
433 1531 603 1614 d’tdspagna
617 1547 725 1610 guerra
746 1532 887 1610 maligna,

131 1652 135 1660 ·
175 1633 286 1697 Versus
301 1635 406 1714 Aquas
421 1633 553 1715 veniens,
571 1652 625 1714 pre
639 1634 772 1698 faciende
787 1638 909 1696 matum.

42 1739 44 1742 ·
143 1730 363 1802 Avancursores
378 1733 694 1814 Br·ignelam‚1'amque
708 1735 870 1814 haiatham,

176 1839 218 1904 De
240 1859 332 1922 passu
348 1841 379 1905 in
394 1859 485 1926 passu
499 1847 595 1925 posta,
611 1839 761 1920 cridandu,
775 1840 866 1904 venit.

143 1939 236 2012 Quare
248 1943 392 2028 tayssavit
415 1951 482 2024 pest
492 1941 651 2006 fortificare
665 1944 693 2004 la
710 1941 828 2022 vittam;

180 2047 255 2110 Nam
270 2047 331 2112 sibi
346 2045 526 2138 pernimium
545 2054 618 2110 tunc
633 2047 722 2112 breue
736 2055 856 2128 tempus
869 2057 951 2127 erat,

153 2148 191 2212 dc
207 2150 263 2216 cite
284 2158 352 2232 pest
370 2150 438 2214 tecit
460 2158 553 2214 tutam
565 2168 682 2215 cessare
696 2151 850 2230 bisognam
870 2179 875 2214 ;

145 2295 147 2299 -
182 2256 228 2321 Sic
242 2259 310 2322 sine
322 2257 442 2322 defensa
457 2255 526 2318 uilia
539 2255 639 2320 relicta
655 2255 731 2320 tuit:

148 2357 185 2420 Et
208 2378 260 2440 per
286 2367 428 2424 cantenes
440 2357 550 2422 iterum
569 2367 717 2441 trempeta
728 2361 860 2440 sonarit,

186 2463 227 2526 De
238 2463 331 2527 tantis
344 2461 434 2527 cridis
447 2462 616 2542 tuncquasi
627 2463 703 2526 tarsa
719 2463 774 2526 tuit
790 2487 796 2525 :

147 2565 333 2649 Trumpandu
354 2565 455 2630 uillam
474 2566 613 2645 sequitur
627 2564 779 2644 quadrivia
793 2573 853 2628 tota
867 2615 874 2645 ,

188 2671 353 2737 Admonuit
367 2673 513 2752 pupulum
526 2687 597 2734 voce
610 2675 755 2733 tremente
770 2667 823 2731 sud
840 2691 846 2730 :

115 2801 122 2814 ·
152 2773 233 2845 Quod
245 2774 427 2854 quicumque
441 2776 519 2836 volet
533 2772 634 2836 vittam
654 2775 784 2855 tayssarc
797 2771 954 2852 triantem,

188 2879 276 2942 Nunc
284 2859 505 2960 tugiat'presto,
521 2895 580 2957 qrm
595 2879 673 2941 votet
687 2877 755 2940 inde
767 2883 867 2956 petat;

152 2977 230 3044 intra
247 2998 361 3072 sexque
374 2981 436 3044 dies
464 2996 568 3044 omnes
581 2979 707 3058 terragia
720 2986 837 3060 portent
850 3029 859 3064 ,

189 3086 340 3164 Bladaque
353 3101 422 3149 cum
436 3084 540 3165 bustis,
556 3083 810 3166 maynagiumque
821 3088 917 3165 teras;

152 3185 212 3250 Aut
235 3187 332 3268 aliter,
349 3185 451 3267 lapsis,
475 3183 600 3268 passatis
613 3183 675 3248 sive
695 3185 819 3270 diebus,

190 3293 311 3357 Francia
335 3309 404 3356 cum
419 3309 526 3369 guerra
542 3287 728 3368 saquegiaret
743 3308 802 3355 ees.

823 3405 841 3459 5
