2504 4240
259 437 297 495 30
521 453 641 500 ninom
663 453 842 500 anmcnmsn

259 563 360 642 Atque
373 565 558 627 malumnsas
572 571 671 628 tantas
683 564 790 630 suone
805 564 963 647 bisognat,

297 668 381 743 Quod
392 670 474 733 dolor
485 671 629 733 alcunnos
642 671 671 733 ia
684 668 786 750 morin,
799 677 890 749 atque
903 672 1007 734 fames.

258 775 493 855 Blasphcmando
506 777 614 855 Deum,
629 778 731 856 pluras
748 776 834 840 illum
847 779 1028 856 ronegabant
1044 801 1050 840 :

297 886 355 953 tl?
366 879 442 944 Cim]
456 897 509 943 sna
523 879 591 959 quis
607 877 714 960 pordit,
730 897 837 944 sensus
850 880 932 945 abiro
946 883 1031 947 solet.

258 985 343 1048 Ullus
356 985 445 1047 homo
459 999 613 1062 nonquam
628 991 728 1064 posset
741 991 860 1049 coctano
873 989 1009 1065 querelas
1022 1037 1029 1065 ‚

296 1089 387 1167 Quas,
401 1095 522 1168 pronior
535 1095 666 1164 gaston,
682 1087 775 1167 patria
791 1095 851 1151 tota
865 1089 956 1152 cadit.

258 1189 315 1254 Sod
326 1196 482 1270 postquam
497 1189 581 1269 vidit,
600 1207 654 1253 cm
668 1197 787 1268 gastum
802 1189 922 1252 Francia
940 1189 1006 1255 tacit
1022 1241 1029 1270 ‚

298 1293 391 1356 Corde
404 1294 481 1356 bono
495 1294 575 1358 corto
589 1311 670 1358 nunc
681 1293 827 1373 patienter
840 1295 930 1356 habat
944 1315 950 1355 :

259 1393 364 1458 Omnia
377 1411 429 1475 per
446 1395 554 1459 melius
567 1396 705 1475 cognovit
716 1397 792 1460 tacta
804 1396 907 1460 fuisso.

297 1497 460 1563 Consilium
472 1508 610 1564 sanctum
623 1499 745 1564 Francia
759 1507 860 1564 nostra
875 1507 977 1582 tonat,

257 1601 297 1665 Ut
311 1601 385 1666 nihil
398 1601 429 1665 in
441 1620 533 1686 payso
544 1621 598 1684 pro
610 1603 807 1682 grignotando
819 1606 950 1669 trobanot

296 1704 538 1785 Induperatoms‚
552 1722 607 1770 noo
619 1725 671 1771 soa
691 1724 797 1786 guerra
818 1707 936 1787 gravis3

256 1807 299 1871 Ne
312 1815 410 1888 posset
428 1807 514 1874 nobis
527 1811 648 1888 longam
662 1811 772 1874 donare
785 1810 909 1889 iatigam

296 1912 480 1991 (lustrando,
495 1911 526 1974 in
542 1912 636 1992 patriai
652 1912 678 1976 si
692 1913 840 1977 nitohaiha
855 1915 941 1977 toret.

255 2017 362 2094 Magna
373 2015 466 2078 famas
478 2017 583 2079 loubos
601 2017 638 2081 do
655 2018 744 2082 bosco
757 2018 896 2098 portugat
909 2031 1014 2080 omncs
1028 2037 1034 2077 ε

294 2117 349 2181 liic
361 2119 422 2180 tine
433 2119 554 2198 pastura
570 2118 669 2184 vivero
682 2136 770 2184 nemo
781 2126 890 2201 potest.

254 2224 318 2288 Non
333 2221 411 2303 pluit
428 2223 459 2286 in
474 2222 585 2304 campis
598 2224 648 2290 hic
663 2227 731 2305 plns
743 2223 929 2288 sanctissima
941 2239 1072 2287 manna:

295 2326 418 2406 Carnos,
432 2333 463 2389 ct
477 2343 568 2407 panos
583 2345 692 2408 corpus
704 2327 815 2390 habero
826 2325 912 2405 pont.

253 2430 300 2496 Ao
315 2448 369 2494 nos
383 2429 538 2494 confestim
556 2427 719 2516 mandastis
732 2429 844 2507 grando
856 2445 1026 2493 socorsum:

294 2535 476 2598 Provoosam
494 2541 629 2598 nostram
644 2531 768 2596 Francia
786 2549 904 2612 comper
915 2537 1006 2594 amat.

253 2641 317 2704 Lou
334 2637 519 2704 tamborinns
535 2655 588 2718 pcc
606 2639 750 2702 Fransam
760 2642 861 2716 prosto
875 2633 1004 2714 tonavit,

292 2743 369 2806 Cum
382 2741 458 2804 titris
471 2739 579 2820 longis,
592 2757 700 2819 gnoma
711 2737 822 2804 cridata
834 2736 904 2800 init.

256 2849 366 2911 Tantas
380 2846 557 2926 gendarmas
570 2843 696 2921 invonit,
710 2861 763 2908 sou
774 2841 927 2922 legiones,

295 2950 379 3026 Quod
393 2966 549 3030 nunquam
567 2955 667 3030 possot
684 2964 772 3012 musa
785 2947 896 3011 retorna
908 2961 986 3009 moa.

255 3055 396 3121 Protinus
407 3056 455 3120 hic
467 3064 601 3120 vostrum
613 3053 749 3120 voluistis
760 3071 870 3135 ponere
886 3067 1046 3132 campum,

295 3160 336 3223 Ut
346 3147 455 3221 molitis
466 3165 565 3238 posset
579 3157 706 3238 quisquc
716 3165 820 3222 tenore
832 3157 954 3238 oodcm3

180 3311 181 3314 ,
252 3262 292 3326 Fit
304 3257 544 3341 gentilhominos,
563 3277 617 3342 pro
630 3260 762 3324 dcvisaro
779 3259 903 3340 sistam,

292 3372 364 3434 Post
375 3369 537 3434 mandastis
549 3367 663 3448 Aquas,
680 3363 861 3445 respiciendo
876 3358 951 3436 cito;
