2538 4224
213 382 252 440 lli
481 395 601 438 nenena
623 394 804 440 ananennlsa

214 507 403 570 Destrossare
416 505 500 568 decet
514 522 569 568 nos
583 511 713 584 tantum,
726 506 793 584 J'ura
808 505 980 584 sequend0·;

254 609 325 672 Post
339 607 447 672 lunam
474 609 561 672 debet
571 625 659 672 nemo
674 625 779 672 necare
793 605 883 670 vires.

216 712 300 777 Tune
322 715 540 796 respondebant
558 712 682 795 paysani
695 714 771 776 torte
783 713 949 794 trepandoz

255 819 334 882 Mers
345 821 434 900 bona,
445 819 558 898 dicatis,
575 837 634 882 non
650 820 726 882 bona
740 834 860 898 guerra,
873 833 988 899 precor.

218 923 276 998 Qui
290 943 340 988 vos
355 923 505 988 mandarit
519 922 646 1002 gallinas
660 923 805 1004 prendere
819 925 958 986 nostras?

256 1027 493 1111 Eslislayrones‚
505 1035 605 1090 nostra
616 1028 746 1091 robanda
757 1028 835 1090 bena
850 1049 856 1088 z

214 1129 349 1196 Militiam
360 1131 472 1193 radunt
486 1131 672 1208 gensdarnaae
692 1149 745 1212 pro
760 1128 930 1206 meriend0;

255 1239 315 1301 Nos
329 1240 468 1300 volumus
479 1245 592 1302 vestras
606 1255 677 1300 ense
691 1254 797 1318 eopare
820 1240 919 1315 gulas.

216 1340 264 1404 Aa
278 1351 417 1422 mortem,
431 1347 559 1404 mertem
575 1359 724 1424 papsanns
739 1339 867 1420 quisque
887 1339 1034 1421 eridabat,

255 1444 386 1509 Ensibus
400 1446 436 1510 ad
450 1451 528 1508 totos
542 1446 617 1507 cella
629 1462 735 1525 copare
749 1447 866 1508 velunt.

214 1550 363 1612 Prendere
382 1550 558 1628 gendarmas
572 1567 633 1612 non
658 1566 825 1614 amereesse
841 1551 1002 1630 volebant,

256 1653 512 1722 Mandabantillos
524 1660 623 1733 preste
644 1651 742 1716 ridere
754 1653 861 1716 Deum.

218 1757 298 1822 Mille
321 1762 474 1824 entellatas
501 1759 662 1838 donabant,
688 1759 807 1837 quando
832 1761 958 1822 tuabant

256 1867 358 1930 Unum
372 1866 583 1944 gendarmam3
600 1882 648 1928 res
671 1861 839 1930 miseranda
860 1862 927 1926 init.

216 1968 322 2031 Postea
334 1968 490 2048 pariebant
504 1965 583 2030 inter
602 1983 635 2030 se
648 1966 761 2043 grande
775 1965 936 2044 butinum;

256 2067 387 2132 Vidisses
407 2076 523 2150 partem
538 2053 690 2151 quemque
706 2069 797 2134 lirare
810 2086 908 2134 suam.

217 2174 280 2236 Non
297 2174 375 2234 ralet
388 2171 437 2236 hie
457 2171 562 2252 pietas,
586 2191 645 2235 non
659 2173 843 2253 perdonansa
862 2171 1011 2236 eridantes

258 2278 411 2358 Sublevat,
427 2280 463 2342 ad
478 2277 606 2342 nibilum
620 2286 716 2344 morte
731 2277 934 2343 vocanteeito.

218 2379 274 2446 Hie
298 2397 394 2459 genus
417 2398 505 2446 omne
524 2381 624 2446 sciunt
647 2399 799 2446 armornm
814 2398 922 2462 nempe
936 2396 1071 2459 menare,

259 2486 387 2568 Espasas
404 2489 531 2566 langues
554 2487 591 2550 ad
603 2488 684 2550 lates
703 2485 800 2550 omnis
813 2484 915 2548 habet.

221 2586 399 2654 Mandrietes
413 2585 530 2651 vibrant
542 2587 708 2666 tendentes,
735 2593 827 2666 atque
835 2603 982 2664 reversos,

261 2689 414 2753 Estnealas
428 2696 560 2770 passant,
577 2705 663 2751 sensa
677 2685 792 2766 lalbire‚
806 2687 891 2750 redas
909 2708 914 2746 :

222 2795 325 2858 Testes
343 2800 374 2858 et
387 2794 506 2858 brassos
524 2793 653 2872 taibani,
669 2793 862 2870 gambasque,
882 2807 1073 2870 manusqne;

261 2899 398 2964 Andebat
422 2901 525 2962 nullus
539 2898 576 2961 de
592 2896 701 2980 pietate
709 2895 803 2976 loqui.

223 3001 366 3066 Militibus
378 3009 458 3067 certe
473 3004 630 3065 voluerunt
645 3017 765 3080 parcere
776 2998 877 3081 paucis
896 3021 903 3060 :

261 3103 391 3168 Exaudit
414 3102 563 3167 modinum
577 3100 687 3166 rustica
700 3118 807 3180 guerra
822 3118 936 3183 preces.

223 3204 443 3285 Expaverdilus
456 3211 518 3270 tam
541 3211 615 3268 tune
634 3210 698 3270 erat
712 3203 846 3282 undique
865 3221 1002 3285 campus²

265 3307 349 3379 Quod
363 3305 449 3386 qnasi
458 3324 511 3386 per
524 3309 631 3390 brayas
642 3307 743 3376 merda
757 3307 873 3380 nolebat
884 3303 937 3374 ets.
