2538 4224
255 417 293 474 98
520 435 640 480 nerem
661 434 843 480 numerurm

254 541 311 606 Sed
323 541 405 605 vobis
417 543 485 622 juro
504 551 633 624 sanctos,
654 561 757 608 omnes
772 561 892 624 quoque
907 552 1026 610 sanetas
1041 596 1049 627 ,

296 646 404 710 Contra
416 647 594 710 Marselham
613 647 655 710 nil
670 647 744 710 mihi
757 665 864 727 guerra
880 653 969 714 vaiet.
1041 710 1044 714 .

256 739 305 815 Bis
320 751 394 815 mihi
406 753 467 832 iam
482 751 550 815 tecit
565 769 761 836 poyssansam
775 755 900 834 perdere
913 763 1030 837 totam,

294 856 400 919 Deme
415 871 446 916 se
465 854 568 916 crunat
582 853 764 918 Massiliense
779 873 896 934 genus:

255 958 352 1034 Quare
367 975 426 1020 non
440 975 512 1021 curo
523 959 592 1037 plus
609 973 657 1020 me
676 959 801 1022 abusare
815 977 869 1040 per
883 958 985 1041 illam,

293 1063 355 1125 Lou
372 1069 468 1125 trente
482 1051 594 1126 diables
608 1079 668 1125 non
683 1070 838 1143 superaret
855 1079 933 1126 eam.

253 1165 311 1230 Sed
321 1173 468 1244 quantum
480 1182 614 1246 possum,
628 1183 709 1229 nune
719 1183 771 1228 vos
782 1164 831 1229 hic
841 1167 983 1247 deprecor
993 1182 1112 1248 omnes,

292 1267 439 1347 Adjuvate
455 1268 540 1349 mihi,
556 1287 609 1350 pro
624 1268 738 1332 ratione
756 1269 845 1332 bona.

253 1369 409 1439 Itesolatus
424 1378 512 1440 homo
527 1393 607 1452 sum,
623 1379 692 1457 plus
707 1393 798 1457 quam
814 1376 911 1440 dicere
922 1393 1062 1458 possem,

291 1480 348 1545 Ora
363 1485 572 1558 tacent-totus
587 1483 723 1559 congelat
742 1499 808 1543 ossa
823 1499 925 1561 pauor.

251 1571 316 1649 Non
336 1593 436 1650 manet
450 1593 560 1667 optatae
578 1586 686 1650 misero
704 1604 771 1666 spes
786 1587 847 1647 ulta
865 1586 970 1649 salutis

292 1693 383 1770 Plus,
400 1690 457 1754 nisi
470 1709 523 1772 per
537 1689 672 1753 Genuam
690 1687 784 1767 gratia
804 1693 934 1769 quelque
948 1691 1048 1753 detur.

249 1789 371 1858 Francia
384 1797 448 1856 vult
466 1793 549 1858 robis
564 1794 707 1873 grandem
721 1793 831 1856 donare
849 1799 1014 1872 tenutam,

292 1902 352 1963 Vos
371 1897 436 1963 odio
451 1899 570 1980 retinet,
590 1915 704 1978 uosque
717 1904 802 1961 tuare
816 1899 905 1961 volet.

251 2004 326 2067 Cum
341 2005 443 2069 Genua
458 2005 551 2068 voluit
565 2007 680 2068 nullam
694 2021 871 2084 componere
885 2019 1006 2094 paoem,

291 2110 524 2192 Imbayssatores
539 2107 580 2172 sio
592 2108 717 2173 recitare
737 2110 844 2172 soient.

248 2214 329 2291 Ergo
341 2211 398 2276 cito
412 2219 546 2274 nostram
558 2213 712 2292 d’argento
731 2211 843 2276 inmite
862 2214 1006 2294 bursam,

288 2315 327 2377 Et
341 2331 393 2376 vos
405 2314 572 2394 defendam,
586 2315 679 2378 Marte
690 2317 824 2396 jurante,
840 2317 929 2378 bene.

250 2419 307 2482 Sed
322 2416 405 2499 prius
420 2417 450 2480 in
471 2418 622 2499 Spagnam
637 2421 744 2482 sellem
759 2435 879 2498 pessare
893 2426 1016 2500 repente

289 2526 347 2588 Per
361 2541 443 2588 mare
455 2522 626 2605 piscosum,
640 2522 752 2586 simini
767 2531 886 2604 tempus
901 2525 984 2588 adest
996 2545 1004 2603 ;

250 2631 289 2694 Et
306 2626 410 2692 faciam
430 2629 536 2701 talhas,
557 2625 705 2705 vintenos,
722 2634 812 2705 atque
824 2626 974 2704 gabellas3

290 2730 430 2812 Roygabo
445 2731 600 2810 poputum,
622 2728 845 2809 multiplicando
860 2745 990 2793 crucem.
1078 2789 1081 2792 .

249 2829 409 2894 Presbiteri
428 2828 522 2909 gressi
540 2827 625 2892 nobis
645 2831 819 2908 solventque
833 2827 1002 2909 decumas,

290 2931 412 3004 Quando
427 2945 546 2994 necesse
559 2928 641 3005 tirat,
656 2928 778 3015 Francia
799 2929 915 3010 prendit
929 2947 990 2993 eas.

250 3035 326 3099 Cum
341 3035 424 3098 tuero
439 3033 521 3114 telin,
542 3041 572 3097 et
594 3032 881 3115 gibhaeeria‘piena,
923 3057 928 3061 ·

288 3139 393 3202 Postea
408 3157 462 3219 pro
481 3137 562 3202 vobis
577 3139 653 3202 bella
668 3141 792 3203 movebo
805 3139 913 3202 tibens.

248 3237 356 3303 Contra
370 3241 531 3305 Franeesos
546 3249 690 3306 armatam
705 3259 822 3322 semper
836 3241 950 3304 habebo
964 3289 972 3320 ‚

287 3343 428 3406 Denarios
442 3351 558 3406 tautum
573 3345 692 3427 fomite,
709 3362 822 3425 quaeso,
834 3342 919 3406 mihi.
