2504 4240
254 381 272 436 8
495 397 522 442 a.
545 397 656 458 annun,
680 397 862 444 unisonum.

253 525 376 586 eurpnre
399 508 509 586 agiles,
532 510 669 590 capitoni,
694 513 730 575 ad
748 515 861 576 bellum
878 513 1025 596 prompti,
1046 517 1102 580 sub

253 613 331 674 bonu
345 612 482 694 Principe
495 615 584 694 boni,
601 618 657 680 sub
671 620 748 680 malo
763 619 875 698 pejores
891 668 897 698 ‚
913 626 1015 682 eontra
1030 639 1100 700 prn-

252 717 352 798 prium
373 721 563 782 commodum
585 726 744 803 despectu,
760 741 814 804 pru
830 723 1003 788 uindicando
1017 725 1100 805 inJ'u-

252 821 310 885 rias
325 823 381 887 sibi
401 825 494 888 laetas
515 827 692 905 quandoque
706 827 892 906 laborantes,
908 834 938 890 et
956 845 1100 891 nouarum

253 941 354 987 rerum
373 926 520 988 lunarum
535 925 674 990 varietate
688 928 863 1008 gaudentes,
878 936 908 990 et
917 923 977 990 ‘sua
991 935 1102 992 statuta

251 1039 281 1093 et
291 1031 521 1094 eonsuetudines
532 1030 785 1112 magnifacientes,
798 1034 883 1111 juxta
894 1039 1012 1095 textum
1025 1032 1056 1095 in
1065 1033 1100 1096 L.

253 1136 423 1198 Observare
443 1139 459 1215 5
479 1133 715 1215 Magnisueiunt
733 1138 948 1199 Provinciules
963 1139 987 1198 n
1000 1137 1037 1199 de
1056 1137 1104 1218 of-

251 1241 322 1319 ficio
337 1237 549 1319 Proconsutis)
566 1240 779 1320 Imperatorem
790 1239 913 1302 viriliter
925 1239 1104 1303 mortalibus

251 1340 343 1405 armis
357 1347 441 1403 extra
456 1337 643 1402 Prouinciam
657 1343 818 1420 expellere;
841 1339 909 1418 quia
922 1347 1024 1403 eontra
1036 1341 1105 1419 jura

253 1444 368 1523 civilia,
384 1454 414 1509 et
429 1446 573 1510 rationem
587 1449 767 1526 naturalem,
782 1447 859 1510 bona
875 1463 978 1510 eorum
993 1463 1046 1527 per
1060 1447 1105 1509 las

252 1561 282 1619 et
296 1554 379 1618 neias
393 1563 423 1616 et
437 1554 474 1616 ab
488 1554 545 1614 hue
566 1558 596 1615 et
610 1553 647 1615 ab
661 1549 727 1632 hie,
744 1550 809 1614 sine
823 1549 1001 1614 consciendi
1015 1568 1106 1614 uenu-

249 1677 320 1740 pare
335 1654 437 1719 voluit.
462 1654 530 1717 Vim
545 1653 625 1718 enim
647 1653 793 1734 injustam
809 1653 838 1715 vi
857 1655 1000 1734 repellere
1012 1653 1105 1734 lieet,

251 1766 337 1826 Text.
353 1763 385 1826 in
400 1764 434 1825 L.
451 1768 487 1822 ut
502 1761 582 1821 vim.
597 1759 630 1820 ff.
645 1759 682 1820 de
690 1757 824 1837 justitie
838 1766 869 1819 et
878 1757 966 1836 jure.
983 1758 1041 1820 Pro
1053 1758 1107 1822 de-

250 1865 385 1929 fensione
399 1880 500 1926 rerum
521 1878 643 1924 suarum
657 1860 774 1924 licitum
788 1858 951 1939 unicuique
964 1866 1021 1940 est,
1043 1877 1106 1923 nun

250 1971 349 2032 solum
362 1966 467 2028 leviter
483 1967 656 2044 verberare,
672 1963 764 2026 immi)
778 1955 932 2027 hominem
951 1965 1083 2030 occidere
1097 2017 1104 2048 ,

250 2079 285 2134 ut
299 2087 352 2151 per
366 2071 448 2131 Bart.
464 2067 699 2145 distinguentem
713 2067 744 2129 in
759 2067 794 2130 L.
811 2071 925 2132 Furem
941 2071 974 2132 n.
990 2071 1033 2133 ad
1047 2076 1107 2136 Le-

248 2193 319 2256 pem
336 2173 515 2234 Corneliam
530 2170 566 2232 de
581 2172 728 2234 Sicaniis.
745 2171 802 2234 Sed
818 2172 886 2250 quia
899 2175 963 2236 haee
979 2177 1104 2240 materia

246 2283 338 2343 latam
359 2280 426 2357 jure
447 2276 578 2340 eontinet
600 2275 802 2356 farraginem,
829 2276 1116 2358 impraesentiarum'

247 2381 374 2446 sufficiat
392 2382 457 2443 haee
479 2378 638 2458 retulisse,
664 2381 856 2458 protestando
871 2387 972 2444 tamen
994 2381 1103 2446 diebus

245 2485 357 2552 feriatis
372 2493 401 2549 et
414 2503 472 2548 non
489 2483 613 2562 feriatis,
629 2482 666 2546 de
679 2484 775 2563 lacto,
791 2481 924 2564 inmari,
939 2493 969 2548 et
983 2485 1014 2548 in
1030 2504 1101 2548 um·
1142 2477 1151 2492 ’

246 2591 335 2654 nibus
349 2587 436 2653 terris
455 2585 572 2666 imperii
587 2635 594 2667 ‚
609 2593 672 2648 tam
687 2586 723 2648 de
736 2587 804 2664 jure
817 2586 957 2650 eanonien
973 2637 980 2666 ‚
996 2589 1100 2667 -quam

244 2695 281 2758 de
293 2695 360 2773 jnre
374 2690 469 2770 civili,
485 2697 515 2752 et
530 2688 561 2750 in
576 2687 658 2752 saera
672 2687 831 2766 Theulngiai
845 2739 851 2768 ‚
868 2708 965 2768 usque
979 2692 1015 2753 ad
1029 2710 1099 2754 sau-

157 2797 159 2806 '
244 2806 326 2862 etum
334 2799 475 2862 taenbum
485 2797 520 2859 de
532 2794 664 2873 Gallina,
677 2797 756 2874 qrrud
764 2814 816 2875 per
830 2815 958 2876 quaeque
969 2799 1096 2864 inferius

242 2919 295 2980 pre
319 2899 420 2962 solatio
435 2897 663 2978 pndtizahuntur
678 2949 685 2979 ‚
714 2916 773 2961 nun
787 2897 922 2980 intelligo
937 2902 968 2964 in
990 2904 1094 2968 Caesa—

244 3017 325 3064 ream
338 3002 522 3078 llajestatem
536 2999 648 3080 aliquid
664 2999 776 3063 sinistri
790 3001 926 3080 objicere.
943 3005 990 3068 Nil
1011 3005 1093 3070 enim

242 3105 359 3183 dinam,
382 3103 439 3166 nisi
458 3103 508 3166 illa
530 3121 597 3182 quae
616 3102 732 3184 publice
755 3103 949 3184 divulgantur
967 3109 1091 3188 urbique.

242 3213 337 3287 Quare
347 3209 447 3273 ralein
456 3209 592 3290 [luminu7
604 3219 632 3274 et
641 3226 765 3291 memor,
778 3211 802 3274 si
811 3229 935 3294 merear,
945 3221 1009 3276 estn
1019 3212 1092 3276 mei.
