2538 4224
250 405 288 462 60
514 417 635 462 narona
656 417 836 464 nurnnrnrsr

249 528 410 606 Perpetuos
421 523 466 589 iui
479 534 632 591 conservet
646 526 781 609 luppiter
793 545 907 608 annos,

291 629 329 692 Et
341 628 398 694 sibi
411 634 591 712 complaceat
604 631 703 695 omnia
715 639 781 695 vota
794 633 885 696 Deus.

251 737 476 800 Procuratorem
490 735 594 815 Regis,
609 736 661 816 qui
674 735 798 800 crimina
811 745 909 801 cercat
922 787 929 818 ‚

291 841 457 920 Pculenqui
471 841 632 905 Dominum
647 843 736 905 vellet
751 843 861 904 habere
874 842 1000 904 bonum.

252 944 280 1005 {s
298 944 374 1007 bene
387 951 537 1025 procurat,
553 960 672 1025 semper
688 962 741 1025 pro
756 945 837 1022 Rege
850 945 1023 1023 trabalhat,

290 1046 454 1112 Esmendas
468 1065 586 1128 grassas
599 1049 730 1128 postulat
744 1053 834 1126 atque
848 1046 952 1108 bonas.

125 1202 128 1209 .
251 1149 398 1215 Continuo
411 1153 536 1231 clamat,
557 1169 608 1216 seu
624 1169 656 1215 se
671 1156 838 1215 courrossat
851 1147 883 1210 in
896 1147 961 1229 ira,

290 1253 400 1317 Contra
415 1254 590 1335 pathardos‚
607 1252 661 1333 qui
673 1255 751 1316 mala
766 1270 883 1336 semper
896 1259 991 1331 agunt
1004 1274 1014 1313 :.

249 1357 423 1420 Pendnutur
436 1356 528 1441 trayti
541 1375 595 1438 per
609 1359 727 1439 turcas,
742 1364 833 1436 atque
847 1355 972 1434 ubaldi;

287 1461 513 1544 Escartayretur
526 1479 560 1525 ac
573 1460 719 1525 homicida
734 1462 831 1524 malus
844 1480 851 1539 ;

252 1567 309 1629 Per
323 1581 406 1630 mare
419 1568 467 1630 rel
487 1567 595 1630 vadant
609 1565 700 1645 Regis
716 1583 824 1644 rogare
837 1567 969 1645 galeras,

291 1671 440 1735 Cadenam
454 1669 579 1752 pedihus
594 1687 711 1752 semper
724 1670 860 1736 habendo
874 1671 996 1734 bonam.

252 1776 291 1838 Et
306 1773 463 1839 rationales
476 1775 635 1839 demandat
653 1791 733 1855 saepe
745 1773 928 1856 Magistros,

292 1882 433 1946 Denarios
452 1881 542 1960 Regis
561 1880 615 1961 qui
627 1879 752 1944 retirare
766 1883 873 1944 solent.

252 1989 295 2052 Dc
313 1989 409 2051 Vcnsa
423 1986 584 2050 Dominum
598 1986 650 2050 des
664 1992 796 2066 comptos
809 1988 839 2048 le
852 1984 1074 2067 Pricidcntem‚

291 2088 350 2162 Qui
363 2095 468 2167 segnat
482 2091 639 2170 populum,
655 2089 728 2152 dum
741 2087 889 2152 benedicit
902 2104 983 2152 eum.

250 2189 430 2255 Arbandnm
444 2191 560 2255 savium
573 2241 580 2272 ,
596 2191 702 2271 grandi
715 2191 826 2255 virtute
835 2192 984 2276 refertum
997 2239 1004 2271 ,

291 2295 395 2360 Libros
409 2295 462 2376 qui
474 2295 585 2360 archivi
598 2304 700 2360 mente
714 2295 809 2360 virarc
823 2295 901 2377 sapit
913 2316 921 2375 ;

251 2399 380 2464 Vitalem
394 2399 566 2481 Dominum,
585 2400 638 2480 qui
651 2408 761 2464 testam
773 2401 836 2484 iam
847 2408 930 2465 tenet
943 2401 1067 2480 albam,

293 2504 419 2584 Propter
432 2503 597 2568 doctrinam
611 2519 704 2584 quam
718 2521 772 2566 sua
788 2509 865 2566 testa
878 2510 962 2568 tenet
976 2526 983 2566 :

253 2603 307 2668 lsti
320 2612 381 2668 tres
397 2612 514 2670 tantum
528 2604 577 2670 hic
591 2605 672 2684 regia
685 2606 752 2684 iura
767 2607 957 2686 gubernant,

296 2707 506 2771 Dammanium
520 2715 656 2788 serrant,
672 2705 868 2787 denariosqoe
881 2707 984 2771 tirant.

255 2793 295 2870 Et
309 2807 483 2873 Generalcm
497 2808 673 2874 Guerimum
685 2812 715 2873 lo
734 2809 991 2888 Loggatenentem

295 2910 420 2992 Quaerit,
435 2911 592 2976 consilium
605 2914 695 2976 vellet
707 2903 818 2976 habere
832 2927 935 2974 suum.

252 3009 491 3077 Particcolerium
505 3015 542 3078 de
555 3015 759 3079 Bella-monte
774 3014 914 3094 volebat,

295 3111 353 3184 Qui
365 3113 442 3178 benc
455 3116 597 3195 decretat,
613 3113 811 3178 cum-ratione
824 3117 921 3178 bona:

254 3217 480 3281 Procuratorem
494 3219 637 3300 Padeum,
651 3218 794 3283 cercando
808 3218 939 3282 ribaldos

297 3320 385 3386 Utilis
399 3324 435 3386 ad
451 3325 569 3406 fiscum,
586 3325 676 3404 Regis
695 3326 824 3388 amando
838 3326 929 3388 hona.
