2538 4224
248 439 286 499 91,
511 454 631 498 unusne
651 453 831 500 rnrnnrrusr

247 564 372 643 Propter
386 563 571 643 despectum,
588 579 620 625 se
633 561 816 642 desperando
828 563 857 626 la
869 568 999 642 testam,

286 668 393 746 Iraque
411 668 468 733 sub
482 683 573 748 pravo
587 673 705 746 pectore
719 667 840 731 erebbat
854 685 943 750 eum,

245 773 330 854 Saepe
343 771 539 837 mlumberius
553 779 701 836 traueatos
713 773 870 852 assegiavit
887 825 896 856 ,

284 877 324 940 Et
338 893 407 940 eum
420 877 590 942 bombardis
605 882 808 958 passarelabat
821 897 892 960 e0s;-

244 981 283 1045 m
298 980 393 1063 potuit
408 983 528 1046 tandem
543 1001 596 1064 per
614 985 724 1048 farsam
739 983 855 1049 vincere
869 986 991 1064 nullus3

284 1087 331 1151 Au
346 1090 462 1150 salvum
477 1105 584 1168 corpus
598 1097 665 1168 post
681 1088 817 1170 capiebat
828 1107 890 1154 ees.

241 1191 524 1276 Focalquayretum,
538 1195 719 1274 Castrolum,
734 1213 827 1275 pauca
842 1197 965 1260 valendo
978 1246 989 1278 „

283 1296 472 1374 Pertrusum,
491 1294 592 1376 Tritis,
610 1295 678 1360 villa
692 1296 801 1362 Riansa
815 1297 907 1361 simut
921 1348 928 1378 ,

244 1402 388 1467 D‘Alleno
401 1409 544 1482 castrum,
564 1401 685 1466 Selleris
706 1399 776 1464 silla
788 1401 968 1482 betalhans,
990 1399 997 1408 '

282 1505 385 1572 Turn's
399 1507 437 1571 de
448 1506 544 1571 Medio
555 1506 711 1570 fortificata
725 1508 822 1586 bene,

241 1611 280 1674 Se
294 1609 485 1674 defensarunt
499 1616 578 1674 reete
591 1626 662 1674 eum
675 1609 817 1689 fustibus,
836 1607 947 1689 armis,

278 1715 318 1780 Et
332 1714 396 1778 sine
408 1713 578 1778 bombardis
591 1732 650 1777 non
669 1721 838 1795 superasset
851 1731 913 1776 eas.

240 1819 343 1890 Turris
358 1822 418 1884 sola
433 1819 511 1882 uiros
526 1819 733 1882 tantummode
745 1817 853 1898 quinze
867 1820 987 1883 tenebat
1003 1869 1014 1898 ,

280 1921 390 1986 Gentes
405 1922 441 1985 de
459 1921 584 2002 parade,
600 1922 703 1986 ludere
717 1922 836 2001 qnando
850 1923 966 2003 solent,

238 2025 277 2088 Et
291 2033 393 2089 eontra
412 2031 528 2088 turrem
542 2023 692 2088 artilharia
707 2042 810 2104 grossa
825 2023 955 2105 tirabat;

279 2131 346 2210 Ipse
360 2135 461 2192 tamen
473 2143 629 2207 nunquam
645 2126 673 2190 ri
686 2127 834 2208 rapuisset
848 2144 926 2192 eam.

238 2232 376 2314 Reudite,
391 2232 466 2297 dixit
478 2232 532 2312 eis,
548 2241 578 2298 et
593 2233 675 2298 vehis
692 2234 789 2298 omnia
805 2253 949 2315 paream2

277 2336 382 2402 Omnis
396 2338 495 2399 salvus
509 2335 582 2416 erit,
599 2355 685 2402 sensa
697 2339 802 2402 dutare
815 2339 902 2402 mede
917 2360 928 2412 :¹¹

236 2442 276 2506 m
289 2438 474 2506 confirmarit
488 2439 556 2504 emti
567 2441 717 2520 juramine
731 2440 845 2504 dietum
859 2490 867 2520 ‚

276 2541 390 2608 Juravit
408 2541 561 2606 Christum
576 2543 659 2608 mille
676 2543 790 2608 remille
804 2561 903 2624 cupos.

237 2648 347 2714 Seldati
361 2665 465 2714 rerum
479 2648 631 2729 pensando
650 2647 761 2714 diceret
782 2647 863 2729 illis,

276 2754 316 2816 Et
331 2751 475 2832 premisse
489 2769 543 2814 sua
557 2769 617 2815 non
632 2749 758 2815 variaret
776 2751 840 2831 eis,

236 2859 362 2920 Turrem
378 2855 552 2935 renuerunt,
572 2845 679 2918 seasa
693 2841 839 2918 mereesse
857 2852 1006 2934 uetando„

276 2958 377 3036 Atque
391 2975 460 3020 suas
476 2971 574 3020 armas
593 2955 721 3036 quisque
735 2953 850 3020 remisit
863 2954 902 3018 ei.

231 3062 303 3125 Post
317 3077 436 3124 servare
452 3060 542 3124 neem
560 3057 739 3140 promissam
757 3055 948 3136 munitium,

274 3164 333 3228 Sed
351 3162 408 3227 cito
419 3181 473 3244 per
486 3166 597 3228 cellum
615 3163 745 3246 pendere
757 3159 826 3226 feeit
837 3177 899 3224 eos.
938 3151 939 3154 ’

234 3266 278 3329 De
291 3265 384 3348 pactis
396 3265 518 3331 titulum
533 3265 682 3348 Diggestis
696 3283 756 3329 non
770 3265 847 3328 hene
866 3267 961 3326 serrat
975 3309 988 3342 ‚¹

271 3377 327 3446 ω·
337 3373 380 3435 De
391 3372 569 3451 juramentis
591 3375 671 3437 nulla
687 3369 804 3436 rubrica
821 3370 911 3432 valet.
