<?xml version="1.0" encoding="UTF-8"?>
<!DOCTYPE html PUBLIC "-//W3C//DTD XHTML 1.0 Transitional//EN"
    "http://www.w3.org/TR/xhtml1/DTD/xhtml1-transitional.dtd">
<html xmlns="http://www.w3.org/1999/xhtml" xml:lang="en" lang="en">
 <head>
  <title>
</title>
<meta http-equiv="Content-Type" content="text/html;charset=utf-8" />
  <meta name='ocr-system' content='tesseract 3.04.00' />
  <meta name='ocr-capabilities' content='ocr_page ocr_carea ocr_par ocr_line ocrx_word'/>
</head>
<body>
  <div class='ocr_page' id='page_1' title='image "./meygraentrepriz01bonagoog_0056.png"; bbox 0 0 2504 4240; ppageno 0'>
   <div class='ocr_carea' id='block_1_1' title="bbox 375 415 988 487">
    <p class='ocr_par' dir='ltr' id='par_1_1' title="bbox 375 415 988 487">
     <span class='ocr_line' id='line_1_1' title="bbox 375 415 988 487; baseline 0.007 -10"><span class='ocrx_word' id='word_1_1' title='bbox 375 415 529 487; x_wconf 81' lang='lat' dir='ltr'><strong>crrouroui</strong></span> <span class='ocrx_word' id='word_1_2' title='bbox 550 435 755 480; x_wconf 77' lang='lat' dir='ltr'><strong>ruruurreurs.</strong></span> <span class='ocrx_word' id='word_1_3' title='bbox 952 422 988 481; x_wconf 81' lang='lat' dir='ltr'><strong>te</strong></span> 
     </span>
    </p>
   </div>
   <div class='ocr_carea' id='block_1_2' title="bbox 118 543 993 3419">
    <p class='ocr_par' dir='ltr' id='par_1_2' title="bbox 123 543 993 731">
     <span class='ocr_line' id='line_1_2' title="bbox 123 543 993 640; baseline 0.01 -36"><span class='ocrx_word' id='word_1_4' title='bbox 123 543 199 604; x_wconf 89' lang='lat' dir='ltr'><strong>Surn</strong></span> <span class='ocrx_word' id='word_1_5' title='bbox 211 543 369 608; x_wconf 84' lang='lat' dir='ltr'><strong>Dominus</strong></span> <span class='ocrx_word' id='word_1_6' title='bbox 380 545 501 610; x_wconf 86' lang='lat' dir='ltr'><strong>muudi:</strong></span> <span class='ocrx_word' id='word_1_7' title='bbox 518 545 608 625; x_wconf 80' lang='lat' dir='ltr'>gladii</span> <span class='ocrx_word' id='word_1_8' title='bbox 619 554 664 610; x_wconf 93' lang='lat' dir='ltr'><strong>est</strong></span> <span class='ocrx_word' id='word_1_9' title='bbox 674 547 748 610; x_wconf 86' lang='lat' dir='ltr'><strong>mihi</strong></span> <span class='ocrx_word' id='word_1_10' title='bbox 755 565 837 640; x_wconf 79' lang='lat' dir='ltr'><strong>cessa</strong></span> <span class='ocrx_word' id='word_1_11' title='bbox 846 555 993 630; x_wconf 54' lang='lat' dir='ltr'><strong>potestas</strong></span> 
     </span>
     <span class='ocr_line' id='line_1_3' title="bbox 162 647 853 731; baseline 0.01 -22"><span class='ocrx_word' id='word_1_12' title='bbox 162 647 269 728; x_wconf 81' lang='lat' dir='ltr'><strong>Atque</strong></span> <span class='ocrx_word' id='word_1_13' title='bbox 283 650 367 714; x_wconf 90' lang='lat' dir='ltr'><strong>meis</strong></span> <span class='ocrx_word' id='word_1_14' title='bbox 381 652 497 730; x_wconf 82' lang='lat' dir='ltr'><strong>regitur</strong></span> <span class='ocrx_word' id='word_1_15' title='bbox 510 652 627 731; x_wconf 83' lang='lat' dir='ltr'><strong>legibus</strong></span> <span class='ocrx_word' id='word_1_16' title='bbox 641 652 739 716; x_wconf 88' lang='lat' dir='ltr'><strong>omnis</strong></span> <span class='ocrx_word' id='word_1_17' title='bbox 752 655 853 718; x_wconf 84' lang='lat' dir='ltr'><strong>heure.</strong></span> 
     </span>
    </p>

    <p class='ocr_par' dir='ltr' id='par_1_3' title="bbox 119 750 834 939">
     <span class='ocr_line' id='line_1_4' title="bbox 119 750 834 837; baseline 0.011 -25"><span class='ocrx_word' id='word_1_18' title='bbox 119 750 249 816; x_wconf 81' lang='lat' dir='ltr'><strong>Parcere</strong></span> <span class='ocrx_word' id='word_1_19' title='bbox 265 756 428 836; x_wconf 80' lang='lat' dir='ltr'><strong>subjectis,</strong></span> <span class='ocrx_word' id='word_1_20' title='bbox 444 764 550 835; x_wconf 79' lang='lat' dir='ltr'><strong>gentes</strong></span> <span class='ocrx_word' id='word_1_21' title='bbox 562 758 679 820; x_wconf 84' lang='lat' dir='ltr'><strong>frenare</strong></span> <span class='ocrx_word' id='word_1_22' title='bbox 691 758 834 837; x_wconf 87' lang='lat' dir='ltr'><strong>superbas</strong></span> 
     </span>
     <span class='ocr_line' id='line_1_5' title="bbox 160 851 824 939; baseline 0.012 -26"><span class='ocrx_word' id='word_1_23' title='bbox 160 851 237 916; x_wconf 87' lang='lat' dir='ltr'><strong>Sum</strong></span> <span class='ocrx_word' id='word_1_24' title='bbox 259 855 385 939; x_wconf 88' lang='lat' dir='ltr'><strong>solitus,</strong></span> <span class='ocrx_word' id='word_1_25' title='bbox 402 859 500 936; x_wconf 82' lang='lat' dir='ltr'>Reges</span> <span class='ocrx_word' id='word_1_26' title='bbox 514 865 605 936; x_wconf 85' lang='lat' dir='ltr'><strong>atque</strong></span> <span class='ocrx_word' id='word_1_27' title='bbox 619 865 705 922; x_wconf 91' lang='lat' dir='ltr'><strong>tuare</strong></span> <span class='ocrx_word' id='word_1_28' title='bbox 719 861 824 922; x_wconf 88' lang='lat' dir='ltr'><strong>malos.</strong></span> 
     </span>
    </p>

    <p class='ocr_par' dir='ltr' id='par_1_4' title="bbox 118 959 884 1144">
     <span class='ocr_line' id='line_1_6' title="bbox 118 959 884 1044; baseline 0.005 -22"><span class='ocrx_word' id='word_1_29' title='bbox 118 959 184 1022; x_wconf 86' lang='lat' dir='ltr'><strong>Neu</strong></span> <span class='ocrx_word' id='word_1_30' title='bbox 200 977 329 1039; x_wconf 85' lang='lat' dir='ltr'><strong>possem</strong></span> <span class='ocrx_word' id='word_1_31' title='bbox 344 963 436 1029; x_wconf 86' lang='lat' dir='ltr'><strong>Vobis</strong></span> <span class='ocrx_word' id='word_1_32' title='bbox 455 969 555 1026; x_wconf 88' lang='lat' dir='ltr'><strong>tantas</strong></span> <span class='ocrx_word' id='word_1_33' title='bbox 569 961 694 1026; x_wconf 82' lang='lat' dir='ltr'><strong>recitare</strong></span> <span class='ocrx_word' id='word_1_34' title='bbox 709 978 861 1026; x_wconf 83' lang='lat' dir='ltr'><strong>menassas</strong></span> <span class='ocrx_word' id='word_1_35' title='bbox 877 1013 884 1044; x_wconf 92' lang='lat'>,</span> 
     </span>
     <span class='ocr_line' id='line_1_7' title="bbox 159 1063 849 1144; baseline 0.007 -19"><span class='ocrx_word' id='word_1_36' title='bbox 159 1063 300 1136; x_wconf 86' lang='lat' dir='ltr'><strong>Quantas</strong></span> <span class='ocrx_word' id='word_1_37' title='bbox 316 1083 390 1130; x_wconf 85' lang='lat' dir='ltr'><strong>curn</strong></span> <span class='ocrx_word' id='word_1_38' title='bbox 404 1065 482 1129; x_wconf 75' lang='lat' dir='ltr'><strong>furii</strong></span> <span class='ocrx_word' id='word_1_39' title='bbox 496 1066 613 1130; x_wconf 85' lang='lat' dir='ltr'><strong>babitha</strong></span> <span class='ocrx_word' id='word_1_40' title='bbox 628 1065 732 1144; x_wconf 84' lang='lat' dir='ltr'><strong>lingua</strong></span> <span class='ocrx_word' id='word_1_41' title='bbox 746 1067 849 1130; x_wconf 78' lang='lat' dir='ltr'><strong>refert.</strong></span> 
     </span>
    </p>

    <p class='ocr_par' dir='ltr' id='par_1_5' title="bbox 119 1167 920 1354">
     <span class='ocr_line' id='line_1_8' title="bbox 119 1167 920 1252; baseline 0.002 -22"><span class='ocrx_word' id='word_1_42' title='bbox 119 1167 208 1232; x_wconf 87' lang='lat' dir='ltr'><strong>Nunc</strong></span> <span class='ocrx_word' id='word_1_43' title='bbox 222 1187 281 1248; x_wconf 82' lang='lat' dir='ltr'><strong>pro</strong></span> <span class='ocrx_word' id='word_1_44' title='bbox 303 1170 426 1234; x_wconf 84' lang='lat' dir='ltr'><strong>veraihe</strong></span> <span class='ocrx_word' id='word_1_45' title='bbox 440 1172 469 1234; x_wconf 91' lang='lat' dir='ltr'><strong>le</strong></span> <span class='ocrx_word' id='word_1_46' title='bbox 487 1170 616 1232; x_wconf 85' lang='lat' dir='ltr'><strong>muudus</strong></span> <span class='ocrx_word' id='word_1_47' title='bbox 630 1175 786 1247; x_wconf 85' lang='lat' dir='ltr'><strong>eregueret</strong></span> <span class='ocrx_word' id='word_1_48' title='bbox 800 1169 899 1252; x_wconf 82' lang='lat' dir='ltr'><strong>ipsum</strong></span> <span class='ocrx_word' id='word_1_49' title='bbox 914 1221 920 1250; x_wconf 88' lang='lat'>,</span> 
     </span>
     <span class='ocr_line' id='line_1_9' title="bbox 161 1271 775 1354; baseline 0 -20"><span class='ocrx_word' id='word_1_50' title='bbox 161 1272 268 1351; x_wconf 83' lang='lat' dir='ltr'><strong>Atque</strong></span> <span class='ocrx_word' id='word_1_51' title='bbox 282 1276 445 1338; x_wconf 82' lang='lat' dir='ltr'><strong>benetatas</strong></span> <span class='ocrx_word' id='word_1_52' title='bbox 464 1273 593 1354; x_wconf 88' lang='lat' dir='ltr'><strong>quisque</strong></span> <span class='ocrx_word' id='word_1_53' title='bbox 607 1272 715 1350; x_wconf 78' lang='lat' dir='ltr'><strong>giraret</strong></span> <span class='ocrx_word' id='word_1_54' title='bbox 729 1271 757 1336; x_wconf 94' lang='lat' dir='ltr'><strong>ei</strong></span> <span class='ocrx_word' id='word_1_55' title='bbox 769 1293 775 1351; x_wconf 90' lang='lat'><strong>;</strong></span> 
     </span>
    </p>

    <p class='ocr_par' dir='ltr' id='par_1_6' title="bbox 122 1372 844 1549">
     <span class='ocr_line' id='line_1_10' title="bbox 122 1372 844 1457; baseline 0.003 -21"><span class='ocrx_word' id='word_1_56' title='bbox 122 1372 161 1436; x_wconf 83' lang='lat' dir='ltr'><strong>lit</strong></span> <span class='ocrx_word' id='word_1_57' title='bbox 175 1374 235 1440; x_wconf 84' lang='lat' dir='ltr'><strong>sihi</strong></span> <span class='ocrx_word' id='word_1_58' title='bbox 250 1384 427 1457; x_wconf 73' lang='lat' dir='ltr'><strong>prestarent</strong></span> <span class='ocrx_word' id='word_1_59' title='bbox 441 1377 478 1440; x_wconf 87' lang='lat' dir='ltr'><strong>de</strong></span> <span class='ocrx_word' id='word_1_60' title='bbox 492 1375 553 1440; x_wconf 77' lang='lat' dir='ltr'><strong>tota</strong></span> <span class='ocrx_word' id='word_1_61' title='bbox 569 1383 653 1456; x_wconf 83' lang='lat' dir='ltr'><strong>parte</strong></span> <span class='ocrx_word' id='word_1_62' title='bbox 672 1391 823 1440; x_wconf 85' lang='lat' dir='ltr'><strong>seeorsuru</strong></span> <span class='ocrx_word' id='word_1_63' title='bbox 838 1425 844 1454; x_wconf 87' lang='lat'>‚</span> 
     </span>
     <span class='ocr_line' id='line_1_11' title="bbox 161 1478 774 1549; baseline 0 -9"><span class='ocrx_word' id='word_1_64' title='bbox 161 1478 258 1542; x_wconf 82' lang='lat' dir='ltr'><strong>Seusa</strong></span> <span class='ocrx_word' id='word_1_65' title='bbox 273 1479 410 1544; x_wconf 89' lang='lat' dir='ltr'><strong>denariis</strong></span> <span class='ocrx_word' id='word_1_66' title='bbox 424 1479 495 1544; x_wconf 81' lang='lat' dir='ltr'><strong>cum</strong></span> <span class='ocrx_word' id='word_1_67' title='bbox 510 1497 563 1542; x_wconf 84' lang='lat' dir='ltr'><strong>sua</strong></span> <span class='ocrx_word' id='word_1_68' title='bbox 577 1481 669 1543; x_wconf 86' lang='lat' dir='ltr'><strong>bursa</strong></span> <span class='ocrx_word' id='word_1_69' title='bbox 687 1479 774 1549; x_wconf 86' lang='lat' dir='ltr'><strong>teret.</strong></span> 
     </span>
    </p>

    <p class='ocr_par' dir='ltr' id='par_1_7' title="bbox 121 1577 889 1768">
     <span class='ocr_line' id='line_1_12' title="bbox 121 1577 873 1662; baseline 0.004 -23"><span class='ocrx_word' id='word_1_70' title='bbox 121 1577 164 1642; x_wconf 86' lang='lat' dir='ltr'><strong>De</strong></span> <span class='ocrx_word' id='word_1_71' title='bbox 177 1583 276 1646; x_wconf 86' lang='lat' dir='ltr'><strong>labris</strong></span> <span class='ocrx_word' id='word_1_72' title='bbox 292 1583 408 1662; x_wconf 84' lang='lat' dir='ltr'><strong>gressis</strong></span> <span class='ocrx_word' id='word_1_73' title='bbox 423 1582 556 1648; x_wconf 83' lang='lat' dir='ltr'><strong>multum</strong></span> <span class='ocrx_word' id='word_1_74' title='bbox 569 1583 692 1661; x_wconf 86' lang='lat' dir='ltr'><strong>jasaudo</strong></span> <span class='ocrx_word' id='word_1_75' title='bbox 706 1582 849 1644; x_wconf 84' lang='lat' dir='ltr'><strong>brarabat</strong></span> <span class='ocrx_word' id='word_1_76' title='bbox 866 1629 873 1658; x_wconf 88' lang='lat'>,</span> 
     </span>
     <span class='ocr_line' id='line_1_13' title="bbox 161 1682 889 1768; baseline -0.001 -23"><span class='ocrx_word' id='word_1_77' title='bbox 161 1683 252 1748; x_wconf 82' lang='lat' dir='ltr'><strong>Forte</strong></span> <span class='ocrx_word' id='word_1_78' title='bbox 268 1689 422 1768; x_wconf 83' lang='lat' dir='ltr'><strong>superbus</strong></span> <span class='ocrx_word' id='word_1_79' title='bbox 442 1693 517 1767; x_wconf 84' lang='lat' dir='ltr'><strong>erat,</strong></span> <span class='ocrx_word' id='word_1_80' title='bbox 533 1686 645 1764; x_wconf 82' lang='lat' dir='ltr'><strong>grauda</strong></span> <span class='ocrx_word' id='word_1_81' title='bbox 660 1686 790 1764; x_wconf 78' lang='lat' dir='ltr'><strong>gravella</strong></span> <span class='ocrx_word' id='word_1_82' title='bbox 805 1682 863 1746; x_wconf 79' lang='lat' dir='ltr'><strong>[uit</strong></span> <span class='ocrx_word' id='word_1_83' title='bbox 880 1705 889 1745; x_wconf 30' lang='lat' dir='ltr'><strong>:t</strong></span> 
     </span>
    </p>

    <p class='ocr_par' dir='ltr' id='par_1_8' title="bbox 122 1781 862 1972">
     <span class='ocr_line' id='line_1_14' title="bbox 122 1781 862 1870; baseline 0.005 -26"><span class='ocrx_word' id='word_1_84' title='bbox 122 1781 178 1846; x_wconf 82' lang='lat' dir='ltr'><strong>Est</strong></span> <span class='ocrx_word' id='word_1_85' title='bbox 193 1795 331 1852; x_wconf 89' lang='lat' dir='ltr'><strong>auteuus</strong></span> <span class='ocrx_word' id='word_1_86' title='bbox 344 1791 445 1870; x_wconf 86' lang='lat' dir='ltr'><strong>home,</strong></span> <span class='ocrx_word' id='word_1_87' title='bbox 466 1787 635 1869; x_wconf 85' lang='lat' dir='ltr'><strong>desprisaus</strong></span> <span class='ocrx_word' id='word_1_88' title='bbox 649 1791 741 1866; x_wconf 88' lang='lat' dir='ltr'><strong>atque</strong></span> <span class='ocrx_word' id='word_1_89' title='bbox 752 1787 862 1865; x_wconf 88' lang='lat' dir='ltr'><strong>fierus;</strong></span> 
     </span>
     <span class='ocr_line' id='line_1_15' title="bbox 161 1887 780 1972; baseline 0.002 -22"><span class='ocrx_word' id='word_1_90' title='bbox 161 1887 229 1952; x_wconf 90' lang='lat' dir='ltr'><strong>Nou</strong></span> <span class='ocrx_word' id='word_1_91' title='bbox 249 1891 328 1955; x_wconf 89' lang='lat' dir='ltr'><strong>alios</strong></span> <span class='ocrx_word' id='word_1_92' title='bbox 343 1891 445 1970; x_wconf 85' lang='lat' dir='ltr'><strong>guiere</strong></span> <span class='ocrx_word' id='word_1_93' title='bbox 459 1895 525 1956; x_wconf 83' lang='lat' dir='ltr'><strong>vult</strong></span> <span class='ocrx_word' id='word_1_94' title='bbox 538 1900 677 1972; x_wconf 83' lang='lat' dir='ltr'><strong>reputare</strong></span> <span class='ocrx_word' id='word_1_95' title='bbox 691 1889 780 1954; x_wconf 75' lang='lat' dir='ltr'><strong>tirus.</strong></span> 
     </span>
    </p>

    <p class='ocr_par' dir='ltr' id='par_1_9' title="bbox 123 1985 887 2176">
     <span class='ocr_line' id='line_1_16' title="bbox 123 1985 887 2066; baseline 0.007 -17"><span class='ocrx_word' id='word_1_96' title='bbox 123 1985 225 2066; x_wconf 84' lang='lat' dir='ltr'><strong>Usque</strong></span> <span class='ocrx_word' id='word_1_97' title='bbox 241 1995 280 2057; x_wconf 89' lang='lat' dir='ltr'><strong>ad</strong></span> <span class='ocrx_word' id='word_1_98' title='bbox 295 1991 483 2056; x_wconf 84' lang='lat' dir='ltr'><strong>Perrhisium</strong></span> <span class='ocrx_word' id='word_1_99' title='bbox 498 2009 530 2056; x_wconf 92' lang='lat' dir='ltr'><strong>se</strong></span> <span class='ocrx_word' id='word_1_100' title='bbox 543 1993 733 2056; x_wconf 85' lang='lat' dir='ltr'><strong>demarehare</strong></span> <span class='ocrx_word' id='word_1_101' title='bbox 747 1991 863 2054; x_wconf 85' lang='lat' dir='ltr'><strong>volebat</strong></span> <span class='ocrx_word' id='word_1_102' title='bbox 873 2037 887 2066; x_wconf 65' lang='lat'><strong>,‚</strong></span> 
     </span>
     <span class='ocr_line' id='line_1_17' title="bbox 160 2091 848 2176; baseline 0.003 -22"><span class='ocrx_word' id='word_1_103' title='bbox 160 2091 200 2156; x_wconf 84' lang='lat' dir='ltr'><strong>Et</strong></span> <span class='ocrx_word' id='word_1_104' title='bbox 214 2102 315 2160; x_wconf 87' lang='lat' dir='ltr'><strong>totam</strong></span> <span class='ocrx_word' id='word_1_105' title='bbox 329 2098 476 2160; x_wconf 83' lang='lat' dir='ltr'><strong>Fransam</strong></span> <span class='ocrx_word' id='word_1_106' title='bbox 490 2096 616 2158; x_wconf 91' lang='lat' dir='ltr'><strong>rendere</strong></span> <span class='ocrx_word' id='word_1_107' title='bbox 635 2103 736 2176; x_wconf 87' lang='lat' dir='ltr'><strong>presto</strong></span> <span class='ocrx_word' id='word_1_108' title='bbox 750 2111 848 2158; x_wconf 82' lang='lat' dir='ltr'><strong>suam.</strong></span> 
     </span>
    </p>

    <p class='ocr_par' dir='ltr' id='par_1_10' title="bbox 124 2195 883 2384">
     <span class='ocr_line' id='line_1_18' title="bbox 124 2195 883 2280; baseline 0.008 -24"><span class='ocrx_word' id='word_1_109' title='bbox 124 2195 167 2259; x_wconf 84' lang='lat' dir='ltr'><strong>De</strong></span> <span class='ocrx_word' id='word_1_110' title='bbox 185 2199 269 2265; x_wconf 90' lang='lat' dir='ltr'><strong>Leua</strong></span> <span class='ocrx_word' id='word_1_111' title='bbox 289 2202 452 2266; x_wconf 79' lang='lat' dir='ltr'><strong>Anthouus</strong></span> <span class='ocrx_word' id='word_1_112' title='bbox 467 2201 625 2280; x_wconf 83' lang='lat' dir='ltr'><strong>feriantus,</strong></span> <span class='ocrx_word' id='word_1_113' title='bbox 642 2198 746 2262; x_wconf 87' lang='lat' dir='ltr'><strong>mertis</strong></span> <span class='ocrx_word' id='word_1_114' title='bbox 760 2197 883 2278; x_wconf 79' lang='lat' dir='ltr'><strong>image,</strong></span> 
     </span>
     <span class='ocr_line' id='line_1_19' title="bbox 161 2299 741 2384; baseline 0.002 -22"><span class='ocrx_word' id='word_1_115' title='bbox 161 2299 292 2368; x_wconf 84' lang='lat' dir='ltr'><strong>Credere</strong></span> <span class='ocrx_word' id='word_1_116' title='bbox 307 2321 360 2384; x_wconf 85' lang='lat' dir='ltr'><strong>per</strong></span> <span class='ocrx_word' id='word_1_117' title='bbox 376 2311 486 2367; x_wconf 88' lang='lat' dir='ltr'><strong>testam</strong></span> <span class='ocrx_word' id='word_1_118' title='bbox 506 2303 549 2368; x_wconf 89' lang='lat' dir='ltr'><strong>sie</strong></span> <span class='ocrx_word' id='word_1_119' title='bbox 563 2302 688 2369; x_wconf 81' lang='lat' dir='ltr'><strong>iaciebat</strong></span> <span class='ocrx_word' id='word_1_120' title='bbox 703 2301 741 2364; x_wconf 92' lang='lat' dir='ltr'><strong>ei.</strong></span> 
     </span>
    </p>

    <p class='ocr_par' dir='ltr' id='par_1_11' title="bbox 123 2402 879 2598">
     <span class='ocr_line' id='line_1_20' title="bbox 123 2402 879 2490; baseline 0.004 -26"><span class='ocrx_word' id='word_1_121' title='bbox 123 2402 171 2466; x_wconf 77' lang='lat' dir='ltr'><strong>Ad</strong></span> <span class='ocrx_word' id='word_1_122' title='bbox 185 2423 233 2470; x_wconf 93' lang='lat' dir='ltr'><strong>ses</strong></span> <span class='ocrx_word' id='word_1_123' title='bbox 247 2409 435 2483; x_wconf 75' lang='lat' dir='ltr'><strong>Gendarmes</strong></span> <span class='ocrx_word' id='word_1_124' title='bbox 449 2409 584 2490; x_wconf 81' lang='lat' dir='ltr'><strong>baylerat</strong></span> <span class='ocrx_word' id='word_1_125' title='bbox 599 2407 722 2486; x_wconf 84' lang='lat' dir='ltr'><strong>jamque</strong></span> <span class='ocrx_word' id='word_1_126' title='bbox 736 2404 879 2468; x_wconf 87' lang='lat' dir='ltr'><strong>butiuum</strong></span> 
     </span>
     <span class='ocr_line' id='line_1_21' title="bbox 163 2513 727 2598; baseline -0.002 -22"><span class='ocrx_word' id='word_1_127' title='bbox 163 2515 206 2576; x_wconf 87' lang='lat' dir='ltr'><strong>De</strong></span> <span class='ocrx_word' id='word_1_128' title='bbox 220 2516 285 2580; x_wconf 77' lang='lat' dir='ltr'><strong>toti</strong></span> <span class='ocrx_word' id='word_1_129' title='bbox 299 2515 422 2598; x_wconf 78' lang='lat' dir='ltr'><strong>Frausat,</strong></span> <span class='ocrx_word' id='word_1_130' title='bbox 438 2514 649 2595; x_wconf 83' lang='lat' dir='ltr'><strong>relliquiasque</strong></span> <span class='ocrx_word' id='word_1_131' title='bbox 663 2513 727 2576; x_wconf 88' lang='lat' dir='ltr'><strong>Dei.</strong></span> 
     </span>
    </p>

    <p class='ocr_par' dir='ltr' id='par_1_12' title="bbox 123 2615 984 2802">
     <span class='ocr_line' id='line_1_22' title="bbox 123 2615 984 2702; baseline -0.006 -22"><span class='ocrx_word' id='word_1_132' title='bbox 123 2617 206 2684; x_wconf 84' lang='lat' dir='ltr'><strong>Heut</strong></span> <span class='ocrx_word' id='word_1_133' title='bbox 222 2619 375 2702; x_wconf 83' lang='lat' dir='ltr'><strong>quantum</strong></span> <span class='ocrx_word' id='word_1_134' title='bbox 389 2621 506 2696; x_wconf 86' lang='lat' dir='ltr'><strong>raubet,</strong></span> <span class='ocrx_word' id='word_1_135' title='bbox 522 2621 598 2683; x_wconf 88' lang='lat' dir='ltr'><strong>bene</strong></span> <span class='ocrx_word' id='word_1_136' title='bbox 612 2616 667 2680; x_wconf 88' lang='lat' dir='ltr'><strong>seit</strong></span> <span class='ocrx_word' id='word_1_137' title='bbox 681 2615 835 2680; x_wconf 80' lang='lat' dir='ltr'><strong>Provincia</strong></span> <span class='ocrx_word' id='word_1_138' title='bbox 851 2620 952 2678; x_wconf 86' lang='lat' dir='ltr'><strong>uestra</strong></span> <span class='ocrx_word' id='word_1_139' title='bbox 971 2635 984 2689; x_wconf 54' lang='grc' dir='ltr'><strong>ε,</strong></span> 
     </span>
     <span class='ocr_line' id='line_1_23' title="bbox 161 2719 717 2802; baseline -0.007 -19"><span class='ocrx_word' id='word_1_140' title='bbox 161 2721 250 2788; x_wconf 81' lang='lat' dir='ltr'><strong>illam</strong></span> <span class='ocrx_word' id='word_1_141' title='bbox 264 2721 425 2802; x_wconf 81' lang='lat' dir='ltr'><strong>destruxit,</strong></span> <span class='ocrx_word' id='word_1_142' title='bbox 442 2719 626 2801; x_wconf 83' lang='lat' dir='ltr'><strong>saquegiavit</strong></span> <span class='ocrx_word' id='word_1_143' title='bbox 640 2735 717 2782; x_wconf 89' lang='lat' dir='ltr'><strong>earu.</strong></span> 
     </span>
    </p>

    <p class='ocr_par' dir='ltr' id='par_1_13' title="bbox 124 2823 844 3011">
     <span class='ocr_line' id='line_1_24' title="bbox 124 2823 844 2898; baseline -0.008 -10"><span class='ocrx_word' id='word_1_144' title='bbox 124 2823 311 2894; x_wconf 86' lang='lat' dir='ltr'><strong>Deliberatus</strong></span> <span class='ocrx_word' id='word_1_145' title='bbox 325 2833 388 2892; x_wconf 89' lang='lat' dir='ltr'><strong>erat</strong></span> <span class='ocrx_word' id='word_1_146' title='bbox 401 2833 531 2890; x_wconf 86' lang='lat' dir='ltr'><strong>vestram</strong></span> <span class='ocrx_word' id='word_1_147' title='bbox 546 2825 672 2886; x_wconf 88' lang='lat' dir='ltr'><strong>raubare</strong></span> <span class='ocrx_word' id='word_1_148' title='bbox 685 2835 825 2886; x_wconf 86' lang='lat' dir='ltr'><strong>eoronam</strong></span> <span class='ocrx_word' id='word_1_149' title='bbox 838 2841 844 2898; x_wconf 91' lang='lat'>;</span> 
     </span>
     <span class='ocr_line' id='line_1_25' title="bbox 162 2923 792 3011; baseline -0.013 -19"><span class='ocrx_word' id='word_1_150' title='bbox 162 2927 201 2992; x_wconf 82' lang='lat' dir='ltr'><strong>ut</strong></span> <span class='ocrx_word' id='word_1_151' title='bbox 215 2949 307 3011; x_wconf 84' lang='lat' dir='ltr'><strong>supra</strong></span> <span class='ocrx_word' id='word_1_152' title='bbox 324 2935 436 2992; x_wconf 85' lang='lat' dir='ltr'><strong>testam</strong></span> <span class='ocrx_word' id='word_1_153' title='bbox 450 2942 560 3007; x_wconf 79' lang='lat' dir='ltr'><strong>ponere</strong></span> <span class='ocrx_word' id='word_1_154' title='bbox 574 2923 679 2988; x_wconf 88' lang='lat' dir='ltr'><strong>deiude</strong></span> <span class='ocrx_word' id='word_1_155' title='bbox 694 2937 792 2986; x_wconf 81' lang='lat' dir='ltr'><strong>suam.</strong></span> 
     </span>
    </p>

    <p class='ocr_par' dir='ltr' id='par_1_14' title="bbox 124 3029 932 3218">
     <span class='ocr_line' id='line_1_26' title="bbox 124 3029 771 3110; baseline -0.009 -13"><span class='ocrx_word' id='word_1_156' title='bbox 124 3031 369 3102; x_wconf 87' lang='lat' dir='ltr'><strong>Ultraeudausam</strong></span> <span class='ocrx_word' id='word_1_157' title='bbox 388 3031 507 3097; x_wconf 86' lang='lat' dir='ltr'><strong>soldatis</strong></span> <span class='ocrx_word' id='word_1_158' title='bbox 526 3029 600 3094; x_wconf 79' lang='lat' dir='ltr'><strong>dixit</strong></span> <span class='ocrx_word' id='word_1_159' title='bbox 615 3038 645 3094; x_wconf 91' lang='lat' dir='ltr'><strong>et</strong></span> <span class='ocrx_word' id='word_1_160' title='bbox 659 3045 771 3110; x_wconf 86' lang='lat' dir='ltr'><strong>unam,</strong></span> 
     </span>
     <span class='ocr_line' id='line_1_27' title="bbox 162 3132 932 3218; baseline -0.018 -13"><span class='ocrx_word' id='word_1_161' title='bbox 162 3140 258 3214; x_wconf 76' lang='lat' dir='ltr'><strong>Quam</strong></span> <span class='ocrx_word' id='word_1_162' title='bbox 279 3137 367 3203; x_wconf 77' lang='lat' dir='ltr'><strong>modi</strong></span> <span class='ocrx_word' id='word_1_163' title='bbox 386 3155 438 3218; x_wconf 84' lang='lat' dir='ltr'><strong>per</strong></span> <span class='ocrx_word' id='word_1_164' title='bbox 452 3144 560 3200; x_wconf 87' lang='lat' dir='ltr'><strong>testam</strong></span> <span class='ocrx_word' id='word_1_165' title='bbox 576 3132 704 3213; x_wconf 90' lang='lat' dir='ltr'><strong>quisque</strong></span> <span class='ocrx_word' id='word_1_166' title='bbox 720 3137 821 3196; x_wconf 89' lang='lat' dir='ltr'><strong>notate</strong></span> <span class='ocrx_word' id='word_1_167' title='bbox 835 3145 932 3194; x_wconf 87' lang='lat' dir='ltr'><strong>suam.</strong></span> 
     </span>
    </p>

    <p class='ocr_par' dir='ltr' id='par_1_15' title="bbox 124 3233 894 3419">
     <span class='ocr_line' id='line_1_28' title="bbox 124 3233 777 3319; baseline -0.009 -17"><span class='ocrx_word' id='word_1_168' title='bbox 124 3238 284 3309; x_wconf 82' lang='lat' dir='ltr'><strong>Arausavit</strong></span> <span class='ocrx_word' id='word_1_169' title='bbox 298 3241 341 3306; x_wconf 88' lang='lat' dir='ltr'><strong>eis</strong></span> <span class='ocrx_word' id='word_1_170' title='bbox 354 3242 391 3304; x_wconf 81' lang='lat' dir='ltr'><strong>de</strong></span> <span class='ocrx_word' id='word_1_171' title='bbox 405 3257 485 3319; x_wconf 85' lang='lat' dir='ltr'><strong>vero,</strong></span> <span class='ocrx_word' id='word_1_172' title='bbox 502 3237 581 3317; x_wconf 86' lang='lat' dir='ltr'><strong>quud</strong></span> <span class='ocrx_word' id='word_1_173' title='bbox 596 3235 659 3298; x_wconf 88' lang='lat' dir='ltr'><strong>siue</strong></span> <span class='ocrx_word' id='word_1_174' title='bbox 673 3233 754 3296; x_wconf 77' lang='lat' dir='ltr'><strong>tauta</strong></span> <span class='ocrx_word' id='word_1_175' title='bbox 770 3282 777 3312; x_wconf 89' lang='lat'><strong><em>,</em></strong></span> 
     </span>
     <span class='ocr_line' id='line_1_29' title="bbox 162 3333 894 3419; baseline -0.01 -15"><span class='ocrx_word' id='word_1_176' title='bbox 162 3344 242 3410; x_wconf 86' lang='lat' dir='ltr'><strong>Intra</strong></span> <span class='ocrx_word' id='word_1_177' title='bbox 257 3360 354 3409; x_wconf 86' lang='lat' dir='ltr'><strong>uuum</strong></span> <span class='ocrx_word' id='word_1_178' title='bbox 370 3357 515 3419; x_wconf 86' lang='lat' dir='ltr'><strong>mensem,</strong></span> <span class='ocrx_word' id='word_1_179' title='bbox 532 3339 577 3401; x_wconf 81' lang='lat' dir='ltr'><strong>rel</strong></span> <span class='ocrx_word' id='word_1_180' title='bbox 593 3333 693 3400; x_wconf 82' lang='lat' dir='ltr'><strong>miuus</strong></span> <span class='ocrx_word' id='word_1_181' title='bbox 708 3342 777 3399; x_wconf 85' lang='lat' dir='ltr'><strong>aute</strong></span> <span class='ocrx_word' id='word_1_182' title='bbox 792 3335 865 3398; x_wconf 81' lang='lat' dir='ltr'><strong>dues</strong></span> <span class='ocrx_word' id='word_1_183' title='bbox 877 3381 894 3413; x_wconf 59' lang='lat'><strong>,„</strong></span> 
     </span>
    </p>
   </div>
   <div class='ocr_carea' id='block_1_3' title="bbox 0 0 1262 4240">
    <p class='ocr_par' dir='ltr' id='par_1_16' title="bbox 0 0 1262 4240">
     <span class='ocr_line' id='line_1_30' title="bbox 0 0 1262 4240; baseline 0 0"><span class='ocrx_word' id='word_1_184' title='bbox 0 0 1262 4240; x_wconf 95' lang='lat' dir='ltr'><strong> </strong></span> 
     </span>
    </p>
   </div>
  </div>
 </body>
</html>
