2504 4240
408 451 561 504 euronium
584 452 787 496 turunaronrs.
984 439 1021 498 t7

162 565 266 627 Grans
281 579 384 642 gorras
404 562 493 640 tecit,
514 562 625 627 taciens
639 565 798 628 tremolare
812 565 940 629 uiihacos
955 590 962 629 :

210 668 268 728 Per
282 672 380 728 totum
400 667 548 729 mnndum
562 669 624 746 jam
644 685 697 730 sua
716 668 794 731 tama
808 671 899 731 votat.

165 770 305 834 Grandes
321 773 461 833 attarrnas
482 770 562 852 iecit,
583 772 740 836 blessando
754 775 919 854 potastros3

209 873 333 936 Nostras
348 873 473 951 gallinas
485 873 549 953 ipse
568 881 654 938 tuare
668 875 749 938 tacit.

85 993 88 998 “
166 978 274 1040 Nullas
288 975 318 1037 iu
334 993 426 1058 payso
441 976 527 1039 nobis
546 995 600 1057 pro
615 976 729 1041 semine
747 978 861 1042 laissat.

211 1077 236 1140 0
251 1094 336 1156 gram
351 1079 546 1157 daumagium
559 1082 564 1142 t
583 1079 692 1143 femina
707 1097 836 1161 qumque
850 1081 952 1144 cridat.

167 1183 293 1244 Vestros
308 1181 451 1246 delibatos
464 1183 579 1246 audivit
593 1185 674 1265 Papa
689 1185 844 1262 dolenter,

211 1286 250 1348 Et
264 1286 360 1350 votuit
374 1305 479 1368 pacem
492 1295 592 1370 presto
611 1290 713 1353 botare
724 1291 853 1370 bonam,

168 1391 210 1453 Et
226 1391 264 1454 de
282 1389 437 1455 Lorrenuai
457 1409 543 1470 gram
555 1391 742 1474 Cardinalus,
765 1393 879 1457 amicus

216 1495 260 1558 De
279 1493 341 1557 toti
361 1493 486 1576 Franci,
506 1497 567 1558 Vos
585 1496 662 1560 bene
674 1513 792 1576 semper
806 1513 929 1576 amans,

168 1599 230 1673 Qui
244 1601 320 1664 boue
333 1599 448 1664 devizat
462 1617 533 1663 cum
547 1599 632 1663 libris
651 1607 682 1663 et
694 1591 896 1678 Dominabus;

212 1703 261 1766 Ad
274 1705 350 1767 hene
369 1703 532 1782 iuuandum
551 1719 639 1766 nemo
654 1701 779 1766 revincit
797 1718 879 1764 eum.

167 1809 261 1870 illum
275 1807 386 1871 desinat
397 1825 452 1889 pro
467 1805 547 1886 Papa
566 1807 698 1869 mundus
711 1806 821 1869 habere
836 1829 842 1866 z

191 1991 193 1996 Ι
212 1914 279 1992 lpse
294 1929 393 1976 meam
414 1927 515 1974 vocem
527 1911 604 1973 douo
617 1909 746 1974 libenter
758 1911 795 1973 ei.

168 2013 379 2095 induperatori
392 2013 472 2078 recte
491 2013 528 2076 de
545 2015 613 2092 iure
627 2021 829 2077 remonstrant
845 2066 851 2095 ‚

211 2117 251 2179 Et
270 2119 387 2196 pariant
403 2115 448 2178 illi
462 2131 532 2179 cum
553 2115 667 2180 ratione
682 2117 769 2180 bona.

171 2223 291 2284 Justam
305 2219 467 2298 guerrandi
486 2219 633 2284 rationem
646 2239 705 2285 non
720 2221 810 2286 habet
826 2224 919 2286 ullam

214 2321 303 2384 Nunc
318 2329 421 2385 contra
436 2323 600 2386 Frausam:
625 2341 673 2387 res
692 2326 769 2388 bene
782 2327 860 2388 clara
874 2329 986 2386 manet.

173 2425 351 2489 clamabant
370 2442 486 2506 omnes,
502 2433 605 2490 contra
623 2427 683 2490 Vos
697 2435 819 2506 gueint
833 2428 849 2490 a
868 2435 982 2490 tortum
999 2447 1005 2487 :

214 2529 278 2591 Lou
292 2527 371 2592 male
383 2535 539 2609 peccatum
558 2547 641 2610 saepe
656 2529 753 2610 perire
764 2529 852 2607 iacit;

172 2633 343 2696 Accendere
357 2635 435 2696 valet
456 2632 577 2714 melius,
598 2633 689 2714 quim
708 2649 847 2713 rumpere
858 2635 980 2695 lansas:

216 2737 273 2810 Qui
291 2753 425 2816 gagnare
439 2743 535 2818 putat,
553 2753 633 2818 saepe
650 2743 784 2800 mocatus
798 2735 893 2798 adest.

178 2843 235 2906 Est
249 2850 332 2906 totus
351 2841 483 2904 mundus
504 2859 584 2905 nunc
604 2840 635 2903 in
651 2858 770 2906 rumore
784 2840 936 2920 maligno:

220 2949 344 3022 Quando
364 2955 440 3012 testa
460 2949 551 3028 dotet,
568 2954 674 3011 caetera
688 2951 823 3012 membra
837 2949 950 3012 dolent.

180 3049 238 3124 Qui
249 3055 352 3113 contra
366 3049 511 3113 Fransam
526 3047 616 3129 uadit,
632 3067 693 3112 non
708 3055 861 3130 prosperat
876 3063 1028 3128 unquam;

220 3155 327 3219 Vivere
346 3171 406 3216 uon
420 3152 511 3216 etiam
530 3159 664 3232 tempora
682 3155 772 3232 ionga
787 3160 895 3234 potest.

179 3259 437 3325 Excumeniantur
453 3255 564 3338 iniuste
583 3259 661 3321 bella
676 3265 829 3322 mouentes

218 3363 293 3444 Regi
306 3365 489 3428 Francorum
508 3387 513 3424 :
532 3362 573 3426 sic
592 3361 638 3444 pia
652 3362 719 3442 jura
738 3360 853 3427 volunt.

850 3470 868 3529 3
