<?xml version="1.0" encoding="UTF-8"?>
<!DOCTYPE html PUBLIC "-//W3C//DTD XHTML 1.0 Transitional//EN"
    "http://www.w3.org/TR/xhtml1/DTD/xhtml1-transitional.dtd">
<html xmlns="http://www.w3.org/1999/xhtml" xml:lang="en" lang="en">
 <head>
  <title>
</title>
<meta http-equiv="Content-Type" content="text/html;charset=utf-8" />
  <meta name='ocr-system' content='tesseract 3.04.00' />
  <meta name='ocr-capabilities' content='ocr_page ocr_carea ocr_par ocr_line ocrx_word'/>
</head>
<body>
  <div class='ocr_page' id='page_1' title='image "./meygraentrepriz01bonagoog_0128.png"; bbox 0 0 2538 4224; ppageno 0'>
   <div class='ocr_carea' id='block_1_1' title="bbox 402 407 1017 466">
    <p class='ocr_par' dir='ltr' id='par_1_1' title="bbox 402 407 1017 466">
     <span class='ocr_line' id='line_1_1' title="bbox 402 407 1017 466; baseline 0.016 -10"><span class='ocrx_word' id='word_1_1' title='bbox 402 411 557 465; x_wconf 76' lang='lat' dir='ltr'><strong>caueamur</strong></span> <span class='ocrx_word' id='word_1_2' title='bbox 578 415 783 462; x_wconf 81' lang='lat' dir='ltr'><strong>rnreunroms.</strong></span> <span class='ocrx_word' id='word_1_3' title='bbox 985 407 1017 466; x_wconf 65' lang='lat' dir='ltr'><strong>tl</strong></span> 
     </span>
    </p>
   </div>
   <div class='ocr_carea' id='block_1_2' title="bbox 58 521 988 3404">
    <p class='ocr_par' dir='ltr' id='par_1_2' title="bbox 160 521 963 711">
     <span class='ocr_line' id='line_1_2' title="bbox 160 521 963 607; baseline 0.009 -22"><span class='ocrx_word' id='word_1_4' title='bbox 160 521 282 586; x_wconf 87' lang='lat' dir='ltr'><strong>Gaudia</strong></span> <span class='ocrx_word' id='word_1_5' title='bbox 297 530 475 586; x_wconf 82' lang='lat' dir='ltr'><strong>conservant</strong></span> <span class='ocrx_word' id='word_1_6' title='bbox 493 541 613 606; x_wconf 88' lang='lat' dir='ltr'><strong>corpus,</strong></span> <span class='ocrx_word' id='word_1_7' title='bbox 626 526 798 607; x_wconf 83' lang='lat' dir='ltr'>donantque</span> <span class='ocrx_word' id='word_1_8' title='bbox 816 529 963 592; x_wconf 87' lang='lat' dir='ltr'><strong>salutern:</strong></span> 
     </span>
     <span class='ocr_line' id='line_1_3' title="bbox 201 629 882 711; baseline 0.003 -18"><span class='ocrx_word' id='word_1_9' title='bbox 201 629 332 711; x_wconf 79' lang='lat' dir='ltr'><strong>Semper</strong></span> <span class='ocrx_word' id='word_1_10' title='bbox 343 629 462 706; x_wconf 80' lang='lat' dir='ltr'><strong>alegrus</strong></span> <span class='ocrx_word' id='word_1_11' title='bbox 474 630 563 692; x_wconf 89' lang='lat' dir='ltr'><strong>homo</strong></span> <span class='ocrx_word' id='word_1_12' title='bbox 576 629 674 694; x_wconf 80' lang='lat' dir='ltr'><strong>virere</strong></span> <span class='ocrx_word' id='word_1_13' title='bbox 685 632 781 696; x_wconf 89' lang='lat' dir='ltr'><strong>multa</strong></span> <span class='ocrx_word' id='word_1_14' title='bbox 796 633 882 697; x_wconf 88' lang='lat' dir='ltr'><strong>solet.</strong></span> 
     </span>
    </p>

    <p class='ocr_par' dir='ltr' id='par_1_3' title="bbox 159 732 965 925">
     <span class='ocr_line' id='line_1_4' title="bbox 159 732 965 818; baseline 0.011 -25"><span class='ocrx_word' id='word_1_15' title='bbox 159 732 291 796; x_wconf 82' lang='lat' dir='ltr'><strong>Venerit</strong></span> <span class='ocrx_word' id='word_1_16' title='bbox 305 732 368 813; x_wconf 88' lang='lat' dir='ltr'><strong>ipse</strong></span> <span class='ocrx_word' id='word_1_17' title='bbox 379 733 448 796; x_wconf 87' lang='lat' dir='ltr'><strong>lieet</strong></span> <span class='ocrx_word' id='word_1_18' title='bbox 463 751 516 815; x_wconf 89' lang='lat' dir='ltr'><strong>pro</strong></span> <span class='ocrx_word' id='word_1_19' title='bbox 528 741 622 797; x_wconf 84' lang='lat' dir='ltr'><strong>tutam</strong></span> <span class='ocrx_word' id='word_1_20' title='bbox 641 735 787 813; x_wconf 73' lang='lat' dir='ltr'><strong>prendere</strong></span> <span class='ocrx_word' id='word_1_21' title='bbox 801 738 965 818; x_wconf 87' lang='lat' dir='ltr'><strong>Fransam;</strong></span> 
     </span>
     <span class='ocr_line' id='line_1_5' title="bbox 200 835 933 925; baseline 0.011 -26"><span class='ocrx_word' id='word_1_22' title='bbox 200 843 264 910; x_wconf 64' lang='lat' dir='ltr'><strong>rt?</strong></span> <span class='ocrx_word' id='word_1_23' title='bbox 278 839 318 900; x_wconf 84' lang='lat' dir='ltr'><strong>Et</strong></span> <span class='ocrx_word' id='word_1_24' title='bbox 332 843 450 901; x_wconf 85' lang='lat' dir='ltr'><strong>nostros</strong></span> <span class='ocrx_word' id='word_1_25' title='bbox 464 835 574 916; x_wconf 77' lang='lat' dir='ltr'><strong>asinm,</strong></span> <span class='ocrx_word' id='word_1_26' title='bbox 594 837 796 920; x_wconf 83' lang='lat' dir='ltr'><strong>foyriosasque</strong></span> <span class='ocrx_word' id='word_1_27' title='bbox 810 843 912 906; x_wconf 83' lang='lat' dir='ltr'><strong>cabras</strong></span> <span class='ocrx_word' id='word_1_28' title='bbox 925 893 933 925; x_wconf 94' lang='lat'>,</span> 
     </span>
    </p>

    <p class='ocr_par' dir='ltr' id='par_1_4' title="bbox 83 939 900 1122">
     <span class='ocr_line' id='line_1_6' title="bbox 83 939 900 1026; baseline 0.011 -24"><span class='ocrx_word' id='word_1_29' title='bbox 83 941 85 950; x_wconf 83' lang='lat'>&#39;</span> <span class='ocrx_word' id='word_1_30' title='bbox 158 940 228 1004; x_wconf 88' lang='lat' dir='ltr'><strong>Nun</strong></span> <span class='ocrx_word' id='word_1_31' title='bbox 245 947 347 1006; x_wconf 88' lang='lat' dir='ltr'><strong>tamen</strong></span> <span class='ocrx_word' id='word_1_32' title='bbox 361 939 475 1004; x_wconf 82' lang='lat' dir='ltr'><strong>auserit</strong></span> <span class='ocrx_word' id='word_1_33' title='bbox 490 941 526 1004; x_wconf 92' lang='lat' dir='ltr'><strong>ad</strong></span> <span class='ocrx_word' id='word_1_34' title='bbox 541 959 595 1006; x_wconf 86' lang='lat' dir='ltr'><strong>nes</strong></span> <span class='ocrx_word' id='word_1_35' title='bbox 609 943 718 1006; x_wconf 79' lang='lat' dir='ltr'><strong>donare</strong></span> <span class='ocrx_word' id='word_1_36' title='bbox 730 945 900 1026; x_wconf 80' lang='lat' dir='ltr'><strong>balallram3</strong></span> 
     </span>
     <span class='ocr_line' id='line_1_7' title="bbox 200 1040 832 1122; baseline 0.011 -18"><span class='ocrx_word' id='word_1_37' title='bbox 200 1043 273 1122; x_wconf 92' lang='lat' dir='ltr'><strong>lpse</strong></span> <span class='ocrx_word' id='word_1_38' title='bbox 287 1040 344 1104; x_wconf 85' lang='lat' dir='ltr'><strong>luit</strong></span> <span class='ocrx_word' id='word_1_39' title='bbox 356 1043 476 1122; x_wconf 83' lang='lat' dir='ltr'><strong>danaus,</strong></span> <span class='ocrx_word' id='word_1_40' title='bbox 490 1049 580 1122; x_wconf 87' lang='lat' dir='ltr'><strong>atque</strong></span> <span class='ocrx_word' id='word_1_41' title='bbox 594 1045 718 1108; x_wconf 82' lang='lat' dir='ltr'><strong>enardus</strong></span> <span class='ocrx_word' id='word_1_42' title='bbox 732 1046 832 1110; x_wconf 89' lang='lat' dir='ltr'><strong>homo.</strong></span> 
     </span>
    </p>

    <p class='ocr_par' dir='ltr' id='par_1_5' title="bbox 159 1143 906 1332">
     <span class='ocr_line' id='line_1_8' title="bbox 159 1143 906 1226; baseline 0.009 -19"><span class='ocrx_word' id='word_1_43' title='bbox 159 1143 231 1207; x_wconf 88' lang='lat' dir='ltr'><strong>Non</strong></span> <span class='ocrx_word' id='word_1_44' title='bbox 253 1143 368 1208; x_wconf 90' lang='lat' dir='ltr'><strong>arditus</strong></span> <span class='ocrx_word' id='word_1_45' title='bbox 380 1151 444 1210; x_wconf 91' lang='lat' dir='ltr'><strong>erat</strong></span> <span class='ocrx_word' id='word_1_46' title='bbox 456 1160 510 1226; x_wconf 90' lang='lat' dir='ltr'><strong>pro</strong></span> <span class='ocrx_word' id='word_1_47' title='bbox 524 1145 620 1226; x_wconf 84' lang='lat' dir='ltr'><strong>nobis,</strong></span> <span class='ocrx_word' id='word_1_48' title='bbox 634 1164 690 1210; x_wconf 83' lang='lat' dir='ltr'><strong>nec</strong></span> <span class='ocrx_word' id='word_1_49' title='bbox 707 1149 783 1211; x_wconf 82' lang='lat' dir='ltr'><strong>bene</strong></span> <span class='ocrx_word' id='word_1_50' title='bbox 802 1148 906 1226; x_wconf 80' lang='lat' dir='ltr'><strong>fortis,</strong></span> 
     </span>
     <span class='ocr_line' id='line_1_9' title="bbox 200 1251 765 1332; baseline -0.002 -18"><span class='ocrx_word' id='word_1_51' title='bbox 200 1251 287 1314; x_wconf 86' lang='lat' dir='ltr'><strong>Mille</strong></span> <span class='ocrx_word' id='word_1_52' title='bbox 305 1257 454 1332; x_wconf 87' lang='lat' dir='ltr'><strong>petaratas</strong></span> <span class='ocrx_word' id='word_1_53' title='bbox 469 1251 579 1314; x_wconf 84' lang='lat' dir='ltr'><strong>Fransa</strong></span> <span class='ocrx_word' id='word_1_54' title='bbox 591 1252 714 1314; x_wconf 79' lang='lat' dir='ltr'><strong>rebellat</strong></span> <span class='ocrx_word' id='word_1_55' title='bbox 729 1252 765 1316; x_wconf 87' lang='lat' dir='ltr'><strong>ei.</strong></span> 
     </span>
    </p>

    <p class='ocr_par' dir='ltr' id='par_1_6' title="bbox 160 1354 934 1545">
     <span class='ocr_line' id='line_1_10' title="bbox 160 1354 934 1432; baseline 0.004 -14"><span class='ocrx_word' id='word_1_56' title='bbox 160 1355 286 1418; x_wconf 84' lang='lat' dir='ltr'><strong>Rursus</strong></span> <span class='ocrx_word' id='word_1_57' title='bbox 301 1371 373 1432; x_wconf 77' lang='lat' dir='ltr'><strong>euru</strong></span> <span class='ocrx_word' id='word_1_58' title='bbox 391 1361 514 1418; x_wconf 85' lang='lat' dir='ltr'><strong>cunetas</strong></span> <span class='ocrx_word' id='word_1_59' title='bbox 528 1354 611 1418; x_wconf 83' lang='lat' dir='ltr'><strong>decet</strong></span> <span class='ocrx_word' id='word_1_60' title='bbox 625 1354 765 1420; x_wconf 88' lang='lat' dir='ltr'><strong>estimare</strong></span> <span class='ocrx_word' id='word_1_61' title='bbox 778 1355 934 1432; x_wconf 87' lang='lat' dir='ltr'><strong>nientum;</strong></span> 
     </span>
     <span class='ocr_line' id='line_1_11' title="bbox 201 1456 821 1545; baseline 0 -25"><span class='ocrx_word' id='word_1_62' title='bbox 201 1456 311 1520; x_wconf 87' lang='lat' dir='ltr'><strong>Virtus</strong></span> <span class='ocrx_word' id='word_1_63' title='bbox 325 1476 379 1545; x_wconf 86' lang='lat' dir='ltr'><strong>pro</strong></span> <span class='ocrx_word' id='word_1_64' title='bbox 396 1456 513 1536; x_wconf 81' lang='lat' dir='ltr'><strong>guerris</strong></span> <span class='ocrx_word' id='word_1_65' title='bbox 529 1465 594 1536; x_wconf 78' lang='lat' dir='ltr'><strong>lota</strong></span> <span class='ocrx_word' id='word_1_66' title='bbox 604 1457 725 1536; x_wconf 83' lang='lat' dir='ltr'><strong>reliquit</strong></span> <span class='ocrx_word' id='word_1_67' title='bbox 739 1475 821 1521; x_wconf 91' lang='lat' dir='ltr'><strong>eum.</strong></span> 
     </span>
    </p>

    <p class='ocr_par' dir='ltr' id='par_1_7' title="bbox 160 1558 957 1644">
     <span class='ocr_line' id='line_1_12' title="bbox 160 1558 957 1644; baseline 0.004 -20"><span class='ocrx_word' id='word_1_68' title='bbox 160 1558 255 1638; x_wconf 74' lang='lat' dir='ltr'><strong>Nune,</strong></span> <span class='ocrx_word' id='word_1_69' title='bbox 265 1559 373 1640; x_wconf 86' lang='lat' dir='ltr'><strong>peterit</strong></span> <span class='ocrx_word' id='word_1_70' title='bbox 385 1562 517 1624; x_wconf 89' lang='lat' dir='ltr'><strong>multum</strong></span> <span class='ocrx_word' id='word_1_71' title='bbox 535 1562 612 1624; x_wconf 88' lang='lat' dir='ltr'><strong>bene</strong></span> <span class='ocrx_word' id='word_1_72' title='bbox 626 1561 790 1624; x_wconf 87' lang='lat' dir='ltr'><strong>rondellare</strong></span> <span class='ocrx_word' id='word_1_73' title='bbox 803 1563 957 1644; x_wconf 73' lang='lat' dir='ltr'><strong>Muretus,</strong></span> 
     </span>
    </p>

    <p class='ocr_par' dir='ltr' id='par_1_8' title="bbox 58 1663 852 1748">
     <span class='ocr_line' id='line_1_13' title="bbox 58 1663 852 1748; baseline -0.001 -19"><span class='ocrx_word' id='word_1_74' title='bbox 58 1741 61 1748; x_wconf 25' lang='grc'>1</span> <span class='ocrx_word' id='word_1_75' title='bbox 201 1666 243 1728; x_wconf 91' lang='lat' dir='ltr'><strong>Se</strong></span> <span class='ocrx_word' id='word_1_76' title='bbox 255 1665 378 1728; x_wconf 81' lang='lat' dir='ltr'><strong>truffare</strong></span> <span class='ocrx_word' id='word_1_77' title='bbox 391 1671 501 1746; x_wconf 85' lang='lat' dir='ltr'><strong>potest,</strong></span> <span class='ocrx_word' id='word_1_78' title='bbox 524 1663 714 1728; x_wconf 85' lang='lat' dir='ltr'><strong>rendeliando</strong></span> <span class='ocrx_word' id='word_1_79' title='bbox 729 1664 852 1748; x_wconf 80' lang='lat' dir='ltr'><strong>lugam,</strong></span> 
     </span>
    </p>

    <p class='ocr_par' dir='ltr' id='par_1_9' title="bbox 157 1767 874 1849">
     <span class='ocr_line' id='line_1_14' title="bbox 157 1767 874 1849; baseline 0.003 -19"><span class='ocrx_word' id='word_1_80' title='bbox 157 1767 285 1840; x_wconf 85' lang='lat' dir='ltr'><strong>Parlant</strong></span> <span class='ocrx_word' id='word_1_81' title='bbox 299 1768 432 1832; x_wconf 83' lang='lat' dir='ltr'><strong>doctores</strong></span> <span class='ocrx_word' id='word_1_82' title='bbox 447 1785 624 1847; x_wconf 80' lang='lat' dir='ltr'><strong>guerrarum</strong></span> <span class='ocrx_word' id='word_1_83' title='bbox 636 1769 703 1847; x_wconf 78' lang='lat' dir='ltr'><strong>iura</strong></span> <span class='ocrx_word' id='word_1_84' title='bbox 715 1768 874 1849; x_wconf 85' lang='lat' dir='ltr'><strong>docentes,</strong></span> 
     </span>
    </p>

    <p class='ocr_par' dir='ltr' id='par_1_10' title="bbox 201 1865 776 1954">
     <span class='ocr_line' id='line_1_15' title="bbox 201 1865 776 1954; baseline -0.002 -17"><span class='ocrx_word' id='word_1_85' title='bbox 201 1875 317 1937; x_wconf 82' lang='lat' dir='ltr'><strong>Saltem</strong></span> <span class='ocrx_word' id='word_1_86' title='bbox 333 1873 472 1938; x_wconf 87' lang='lat' dir='ltr'><strong>Lucanus</strong></span> <span class='ocrx_word' id='word_1_87' title='bbox 490 1865 540 1938; x_wconf 86' lang='lat' dir='ltr'><strong>ille</strong></span> <span class='ocrx_word' id='word_1_88' title='bbox 553 1881 639 1954; x_wconf 85' lang='lat' dir='ltr'><strong>poeta</strong></span> <span class='ocrx_word' id='word_1_89' title='bbox 658 1873 776 1936; x_wconf 88' lang='lat' dir='ltr'><strong>bonus:</strong></span> 
     </span>
    </p>

    <p class='ocr_par' dir='ltr' id='par_1_11' title="bbox 157 1975 988 2158">
     <span class='ocr_line' id='line_1_16' title="bbox 157 1975 988 2056; baseline 0.001 -17"><span class='ocrx_word' id='word_1_90' title='bbox 157 1976 324 2040; x_wconf 85' lang='lat' dir='ltr'><strong>Matablare</strong></span> <span class='ocrx_word' id='word_1_91' title='bbox 337 1979 439 2040; x_wconf 83' lang='lat' dir='ltr'><strong>velens</strong></span> <span class='ocrx_word' id='word_1_92' title='bbox 453 1993 647 2056; x_wconf 88' lang='lat' dir='ltr'><strong>quemquam,</strong></span> <span class='ocrx_word' id='word_1_93' title='bbox 662 1975 717 2040; x_wconf 87' lang='lat' dir='ltr'><strong>sibi</strong></span> <span class='ocrx_word' id='word_1_94' title='bbox 731 1977 807 2040; x_wconf 85' lang='lat' dir='ltr'><strong>bella</strong></span> <span class='ocrx_word' id='word_1_95' title='bbox 822 1975 988 2056; x_wconf 83' lang='lat' dir='ltr'><strong>movendo,</strong></span> 
     </span>
     <span class='ocr_line' id='line_1_17' title="bbox 199 2076 792 2158; baseline 0.002 -18"><span class='ocrx_word' id='word_1_96' title='bbox 199 2078 249 2140; x_wconf 84' lang='lat' dir='ltr'><strong>Ad</strong></span> <span class='ocrx_word' id='word_1_97' title='bbox 261 2076 439 2140; x_wconf 76' lang='lat' dir='ltr'><strong>fortalicium</strong></span> <span class='ocrx_word' id='word_1_98' title='bbox 453 2077 597 2158; x_wconf 86' lang='lat' dir='ltr'><strong>prendere</strong></span> <span class='ocrx_word' id='word_1_99' title='bbox 611 2079 697 2142; x_wconf 90' lang='lat' dir='ltr'><strong>debet</strong></span> <span class='ocrx_word' id='word_1_100' title='bbox 711 2095 792 2141; x_wconf 91' lang='lat' dir='ltr'><strong>eum.</strong></span> 
     </span>
    </p>

    <p class='ocr_par' dir='ltr' id='par_1_12' title="bbox 156 2180 967 2363">
     <span class='ocr_line' id='line_1_18' title="bbox 156 2180 967 2262; baseline 0.005 -20"><span class='ocrx_word' id='word_1_101' title='bbox 156 2180 290 2244; x_wconf 84' lang='lat' dir='ltr'><strong>Venerat</strong></span> <span class='ocrx_word' id='word_1_102' title='bbox 304 2180 335 2244; x_wconf 93' lang='lat' dir='ltr'><strong>in</strong></span> <span class='ocrx_word' id='word_1_103' title='bbox 347 2181 491 2245; x_wconf 86' lang='lat' dir='ltr'><strong>Fransam</strong></span> <span class='ocrx_word' id='word_1_104' title='bbox 510 2195 590 2246; x_wconf 81' lang='lat' dir='ltr'><strong>nunt</strong></span> <span class='ocrx_word' id='word_1_105' title='bbox 604 2200 657 2262; x_wconf 89' lang='lat' dir='ltr'><strong>pro</strong></span> <span class='ocrx_word' id='word_1_106' title='bbox 671 2183 780 2247; x_wconf 90' lang='lat' dir='ltr'><strong>donare</strong></span> <span class='ocrx_word' id='word_1_107' title='bbox 794 2183 945 2246; x_wconf 89' lang='lat' dir='ltr'><strong>batalham</strong></span> <span class='ocrx_word' id='word_1_108' title='bbox 960 2229 967 2262; x_wconf 84' lang='lat'>‚</span> 
     </span>
     <span class='ocr_line' id='line_1_19' title="bbox 199 2283 901 2363; baseline -0.006 -14"><span class='ocrx_word' id='word_1_109' title='bbox 199 2286 279 2349; x_wconf 83' lang='lat' dir='ltr'><strong>Cum</strong></span> <span class='ocrx_word' id='word_1_110' title='bbox 293 2283 437 2348; x_wconf 81' lang='lat' dir='ltr'><strong>braritate</strong></span> <span class='ocrx_word' id='word_1_111' title='bbox 451 2299 504 2346; x_wconf 88' lang='lat' dir='ltr'><strong>sua</strong></span> <span class='ocrx_word' id='word_1_112' title='bbox 522 2284 600 2346; x_wconf 85' lang='lat' dir='ltr'><strong>hane</strong></span> <span class='ocrx_word' id='word_1_113' title='bbox 614 2301 755 2363; x_wconf 89' lang='lat' dir='ltr'><strong>superare</strong></span> <span class='ocrx_word' id='word_1_114' title='bbox 770 2290 880 2363; x_wconf 90' lang='lat' dir='ltr'><strong>putans</strong></span> <span class='ocrx_word' id='word_1_115' title='bbox 893 2303 901 2362; x_wconf 89' lang='lat'>;</span> 
     </span>
    </p>

    <p class='ocr_par' dir='ltr' id='par_1_13' title="bbox 157 2385 948 2574">
     <span class='ocr_line' id='line_1_20' title="bbox 157 2385 948 2467; baseline -0.011 -15"><span class='ocrx_word' id='word_1_116' title='bbox 157 2385 270 2452; x_wconf 85' lang='lat' dir='ltr'><strong>Debuit</strong></span> <span class='ocrx_word' id='word_1_117' title='bbox 281 2405 353 2466; x_wconf 79' lang='lat' dir='ltr'><strong>ergo</strong></span> <span class='ocrx_word' id='word_1_118' title='bbox 367 2385 454 2450; x_wconf 86' lang='lat' dir='ltr'><strong>modo</strong></span> <span class='ocrx_word' id='word_1_119' title='bbox 468 2402 608 2467; x_wconf 84' lang='lat' dir='ltr'><strong>campum</strong></span> <span class='ocrx_word' id='word_1_120' title='bbox 623 2385 765 2448; x_wconf 81' lang='lat' dir='ltr'><strong>abundare</strong></span> <span class='ocrx_word' id='word_1_121' title='bbox 775 2387 948 2462; x_wconf 72' lang='lat' dir='ltr'><strong>galantepn:</strong></span> 
     </span>
     <span class='ocr_line' id='line_1_21' title="bbox 198 2487 891 2574; baseline -0.004 -19"><span class='ocrx_word' id='word_1_122' title='bbox 198 2491 324 2556; x_wconf 82' lang='lat' dir='ltr'><strong>Francia</strong></span> <span class='ocrx_word' id='word_1_123' title='bbox 339 2508 408 2556; x_wconf 88' lang='lat' dir='ltr'><strong>uum</strong></span> <span class='ocrx_word' id='word_1_124' title='bbox 420 2493 510 2574; x_wconf 85' lang='lat' dir='ltr'><strong>joyha</strong></span> <span class='ocrx_word' id='word_1_125' title='bbox 525 2498 597 2554; x_wconf 85' lang='lat' dir='ltr'><strong>tuna</strong></span> <span class='ocrx_word' id='word_1_126' title='bbox 611 2487 787 2553; x_wconf 88' lang='lat' dir='ltr'><strong>reculhisset</strong></span> <span class='ocrx_word' id='word_1_127' title='bbox 801 2505 891 2570; x_wconf 89' lang='lat' dir='ltr'><strong>eum,</strong></span> 
     </span>
    </p>

    <p class='ocr_par' dir='ltr' id='par_1_14' title="bbox 156 2591 967 2777">
     <span class='ocr_line' id='line_1_22' title="bbox 156 2591 894 2670; baseline -0.007 -12"><span class='ocrx_word' id='word_1_128' title='bbox 156 2593 198 2658; x_wconf 84' lang='lat' dir='ltr'><strong>Et</strong></span> <span class='ocrx_word' id='word_1_129' title='bbox 214 2593 271 2658; x_wconf 90' lang='lat' dir='ltr'><strong>sibi</strong></span> <span class='ocrx_word' id='word_1_130' title='bbox 283 2593 400 2658; x_wconf 82' lang='lat' dir='ltr'><strong>lenisset</strong></span> <span class='ocrx_word' id='word_1_131' title='bbox 413 2593 528 2656; x_wconf 88' lang='lat' dir='ltr'><strong>lordam</strong></span> <span class='ocrx_word' id='word_1_132' title='bbox 547 2593 657 2656; x_wconf 87' lang='lat' dir='ltr'><strong>donare</strong></span> <span class='ocrx_word' id='word_1_133' title='bbox 675 2591 831 2670; x_wconf 63' lang='lat' dir='ltr'><strong>secedam</strong></span> <span class='ocrx_word' id='word_1_134' title='bbox 888 2595 894 2600; x_wconf 83' lang='lat'>&#39;</span> 
     </span>
     <span class='ocr_line' id='line_1_23' title="bbox 197 2696 967 2777; baseline -0.009 -14"><span class='ocrx_word' id='word_1_135' title='bbox 197 2707 255 2774; x_wconf 65' lang='grc' dir='ltr'><strong>(ε’</strong></span> <span class='ocrx_word' id='word_1_136' title='bbox 265 2700 328 2762; x_wconf 86' lang='lat' dir='ltr'><strong>Lau</strong></span> <span class='ocrx_word' id='word_1_137' title='bbox 344 2701 423 2764; x_wconf 90' lang='lat' dir='ltr'><strong>male</strong></span> <span class='ocrx_word' id='word_1_138' title='bbox 440 2704 609 2762; x_wconf 86' lang='lat' dir='ltr'><strong>tostensum</strong></span> <span class='ocrx_word' id='word_1_139' title='bbox 622 2696 765 2777; x_wconf 86' lang='lat' dir='ltr'><strong>prendere</strong></span> <span class='ocrx_word' id='word_1_140' title='bbox 779 2699 879 2758; x_wconf 86' lang='lat' dir='ltr'><strong>certus</strong></span> <span class='ocrx_word' id='word_1_141' title='bbox 893 2698 967 2766; x_wconf 85' lang='lat' dir='ltr'><strong>erat.</strong></span> 
     </span>
    </p>

    <p class='ocr_par' dir='ltr' id='par_1_15' title="bbox 154 2795 897 2988">
     <span class='ocr_line' id='line_1_24' title="bbox 154 2795 897 2881; baseline -0.011 -15"><span class='ocrx_word' id='word_1_142' title='bbox 154 2801 206 2866; x_wconf 79' lang='lat' dir='ltr'><strong>Ad</strong></span> <span class='ocrx_word' id='word_1_143' title='bbox 219 2802 388 2866; x_wconf 81' lang='lat' dir='ltr'><strong>fortalessas</strong></span> <span class='ocrx_word' id='word_1_144' title='bbox 407 2801 510 2880; x_wconf 79' lang='lat' dir='ltr'><strong>sortes,</strong></span> <span class='ocrx_word' id='word_1_145' title='bbox 530 2817 605 2881; x_wconf 88' lang='lat' dir='ltr'><strong>quas</strong></span> <span class='ocrx_word' id='word_1_146' title='bbox 623 2815 734 2881; x_wconf 85' lang='lat' dir='ltr'><strong>paysus</strong></span> <span class='ocrx_word' id='word_1_147' title='bbox 747 2795 897 2876; x_wconf 85' lang='lat' dir='ltr'><strong>habebat,</strong></span> 
     </span>
     <span class='ocr_line' id='line_1_25' title="bbox 196 2905 830 2988; baseline -0.019 -14"><span class='ocrx_word' id='word_1_148' title='bbox 196 2907 305 2974; x_wconf 81' lang='lat' dir='ltr'><strong>Debuit</strong></span> <span class='ocrx_word' id='word_1_149' title='bbox 323 2909 510 2988; x_wconf 84' lang='lat' dir='ltr'><strong>atolemoyne</strong></span> <span class='ocrx_word' id='word_1_150' title='bbox 522 2905 599 2968; x_wconf 90' lang='lat' dir='ltr'><strong>bella</strong></span> <span class='ocrx_word' id='word_1_151' title='bbox 618 2919 741 2983; x_wconf 78' lang='lat' dir='ltr'><strong>protare</strong></span> <span class='ocrx_word' id='word_1_152' title='bbox 755 2919 830 2964; x_wconf 88' lang='lat' dir='ltr'><strong>sua:</strong></span> 
     </span>
    </p>

    <p class='ocr_par' dir='ltr' id='par_1_16' title="bbox 152 3006 943 3194">
     <span class='ocr_line' id='line_1_26' title="bbox 152 3006 943 3082; baseline -0.015 0"><span class='ocrx_word' id='word_1_153' title='bbox 152 3017 213 3082; x_wconf 90' lang='lat' dir='ltr'><strong>Sed</strong></span> <span class='ocrx_word' id='word_1_154' title='bbox 226 3014 295 3080; x_wconf 85' lang='lat' dir='ltr'><strong>lacit</strong></span> <span class='ocrx_word' id='word_1_155' title='bbox 312 3015 441 3078; x_wconf 79' lang='lat' dir='ltr'><strong>assaltus</strong></span> <span class='ocrx_word' id='word_1_156' title='bbox 459 3013 589 3075; x_wconf 89' lang='lat' dir='ltr'><strong>multum</strong></span> <span class='ocrx_word' id='word_1_157' title='bbox 605 3007 764 3074; x_wconf 89' lang='lat' dir='ltr'><strong>tramblare</strong></span> <span class='ocrx_word' id='word_1_158' title='bbox 782 3006 919 3071; x_wconf 83' lang='lat' dir='ltr'><strong>huletum</strong></span> <span class='ocrx_word' id='word_1_159' title='bbox 930 3051 943 3082; x_wconf 75' lang='lat'>„</span> 
     </span>
     <span class='ocr_line' id='line_1_27' title="bbox 195 3111 830 3194; baseline -0.019 -11"><span class='ocrx_word' id='word_1_160' title='bbox 195 3120 316 3184; x_wconf 81' lang='lat' dir='ltr'><strong>Esealar</strong></span> <span class='ocrx_word' id='word_1_161' title='bbox 330 3137 362 3181; x_wconf 91' lang='lat' dir='ltr'><strong>as</strong></span> <span class='ocrx_word' id='word_1_162' title='bbox 377 3114 472 3180; x_wconf 87' lang='lat' dir='ltr'><strong>barris</strong></span> <span class='ocrx_word' id='word_1_163' title='bbox 490 3132 538 3178; x_wconf 93' lang='lat' dir='ltr'><strong>res</strong></span> <span class='ocrx_word' id='word_1_164' title='bbox 554 3111 702 3194; x_wconf 84' lang='lat' dir='ltr'><strong>perillrosa</strong></span> <span class='ocrx_word' id='word_1_165' title='bbox 716 3115 830 3182; x_wconf 73' lang='lat' dir='ltr'><strong>manet</strong></span> 
     </span>
    </p>

    <p class='ocr_par' dir='ltr' id='par_1_17' title="bbox 152 3212 967 3404">
     <span class='ocr_line' id='line_1_28' title="bbox 152 3212 967 3304; baseline -0.015 -16"><span class='ocrx_word' id='word_1_166' title='bbox 152 3225 211 3290; x_wconf 87' lang='lat' dir='ltr'><strong>Sed</strong></span> <span class='ocrx_word' id='word_1_167' title='bbox 226 3221 379 3304; x_wconf 84' lang='lat' dir='ltr'><strong>sapientus</strong></span> <span class='ocrx_word' id='word_1_168' title='bbox 393 3219 487 3298; x_wconf 88' lang='lat' dir='ltr'><strong>adest,</strong></span> <span class='ocrx_word' id='word_1_169' title='bbox 503 3215 646 3298; x_wconf 87' lang='lat' dir='ltr'><strong>quianon</strong></span> <span class='ocrx_word' id='word_1_170' title='bbox 661 3212 790 3296; x_wconf 87' lang='lat' dir='ltr'><strong>passavit</strong></span> <span class='ocrx_word' id='word_1_171' title='bbox 804 3218 943 3277; x_wconf 81' lang='lat' dir='ltr'><strong>arantem</strong></span> <span class='ocrx_word' id='word_1_172' title='bbox 963 3235 967 3276; x_wconf 76' lang='lat'>1</span> 
     </span>
     <span class='ocr_line' id='line_1_29' title="bbox 192 3315 895 3404; baseline -0.013 -15"><span class='ocrx_word' id='word_1_173' title='bbox 192 3328 265 3389; x_wconf 87' lang='lat' dir='ltr'><strong>Plus</strong></span> <span class='ocrx_word' id='word_1_174' title='bbox 278 3342 427 3404; x_wconf 78' lang='lat' dir='ltr'><strong>vergogna</strong></span> <span class='ocrx_word' id='word_1_175' title='bbox 440 3324 528 3402; x_wconf 83' lang='lat' dir='ltr'><strong>valet,</strong></span> <span class='ocrx_word' id='word_1_176' title='bbox 545 3335 636 3400; x_wconf 86' lang='lat' dir='ltr'><strong>quam</strong></span> <span class='ocrx_word' id='word_1_177' title='bbox 648 3315 793 3383; x_wconf 85' lang='lat' dir='ltr'><strong>meruisse</strong></span> <span class='ocrx_word' id='word_1_178' title='bbox 807 3318 895 3394; x_wconf 89' lang='lat' dir='ltr'><strong>male.</strong></span> 
     </span>
    </p>
   </div>
   <div class='ocr_carea' id='block_1_3' title="bbox 0 0 1274 4224">
    <p class='ocr_par' dir='ltr' id='par_1_18' title="bbox 0 0 1274 4224">
     <span class='ocr_line' id='line_1_30' title="bbox 0 0 1274 4224; baseline 0 2"><span class='ocrx_word' id='word_1_179' title='bbox 0 0 1274 4224; x_wconf 95' lang='lat' dir='ltr'><strong> </strong></span> 
     </span>
    </p>
   </div>
  </div>
 </body>
</html>
