2538 4224
269 447 326 506 122
533 461 572 504 uu
593 461 841 506 rmrouoraurru

266 578 442 641 Processuru
456 591 591 654 gagnans
605 573 763 654 aliquando
777 572 875 655 perdit
888 571 920 637 in
933 571 985 637 illo
1000 623 1008 654 ,

307 678 414 743 Omnia
429 678 454 742 si
468 685 587 756 eontet;
612 676 787 759 experiensa
801 678 897 740 dooet.

269 782 387 845 Aurum
400 782 551 862 jndicibus
565 800 683 848 rossum
697 784 818 866 haylare
830 781 990 864 bisoguat‚

307 885 430 952 Grassas
444 886 570 966 gallinas
585 887 641 952 rite
655 905 760 967 eopare
775 886 892 952 sciunt:

265 991 366 1069 Atque
380 991 540 1056 Advoeeati
555 991 667 1056 facium
682 990 803 1054 dindare
816 996 992 1055 crumenam
1006 1041 1013 1073 ,

307 1094 517 1159 Procuratores
537 1093 733 1174 denariosque
753 1103 872 1175 petum.

266 1196 400 1276 Munera,
417 1198 503 1261 erede
516 1197 600 1278 mihi,
617 1197 739 1279 capium
755 1197 952 1277 hominesque
964 1197 1115 1279 Deosque,

303 1299 359 1362 Les
371 1299 496 1363 Avooati
509 1318 633 1365 munera
650 1317 768 1382 semper
782 1307 896 1364 amant.

265 1401 419 1464 Rastelaut
434 1419 554 1483 aurum,
570 1403 677 1466 bursas
691 1399 854 1483 implendo,
866 1399 993 1486 Noram,

301 1504 421 1582 Longos
435 1523 592 1596 processus
607 1523 725 1586 semper
738 1507 849 1569 habere
863 1507 980 1569 volunt.

264 1607 395 1688 Quisque
408 1610 492 1674 labor
506 1619 628 1690 serquat
637 1617 852 1694 pagameutum
862 1625 980 1690 semper
989 1609 1111 1688 habere;

301 1712 359 1787 Qui
372 1713 448 1778 nihil
462 1713 606 1778 imborsat
620 1722 682 1780 tres
697 1732 756 1794 que
769 1715 896 1782 bolitrus
910 1712 977 1778 erit.

261 1819 321 1882 Vos
334 1819 411 1884 bene
425 1819 578 1900 veneritis,
594 1836 711 1902 semper
725 1820 857 1884 Basooha
872 1821 982 1883 salutat
996 1868 1003 1898 ‚

302 1919 359 1994 Qui
373 1920 430 1986 sihi
443 1922 479 1986 de
492 1923 584 1986 bursa
599 1925 713 1987 solvere
728 1921 803 1986 riua·
813 1923 930 1985 volunt.

261 2024 318 2098 Qui
336 2024 418 2090 venis
432 2024 469 2088 ad
484 2033 617 2088 nostram
631 2043 685 2105 pro
701 2023 1057 2107 playuegiarahotegam

301 2131 364 2193 Aut
384 2147 434 2210 per
450 2147 608 2210 processus
623 2129 781 2194 sollicitare
795 2136 885 2210 tum,

261 2232 293 2296 Si
310 2238 547 2314 prestameutum
566 2231 610 2294 ris
625 2229 805 2313 despachare
817 2239 846 2294 la
861 2246 1001 2312 oausam,

299 2335 338 2397 Et
352 2336 428 2398 bene
442 2335 522 2413 quod
536 2335 634 2414 vadat,
652 2334 827 2413 bursegiare
841 2335 937 2399 decet.

144 2465 146 2470 a
259 2437 303 2498 Tu
318 2437 395 2500 bene
409 2435 562 2516 cognoscis
575 2457 581 2515 ;
601 2437 652 2500 ubi
666 2448 768 2502 sauma
785 2435 910 2520 pecunia
924 2441 1042 2516 regnat,

299 2542 461 2604 Proeessus
476 2541 587 2604 vadunt
608 2541 824 2622 despachiando
840 2539 908 2606 cito.

258 2645 366 2710 Nullus
384 2661 466 2709 amor
485 2646 584 2726 durat,
601 2644 785 2710 uisifruotus
798 2651 896 2710 servet
910 2658 1067 2720 amorem;

300 2754 346 2815 Ad
364 2752 392 2812 la
407 2748 584 2828 gihaeoriam
600 2749 728 2830 quisque
749 2751 852 2812 botare
871 2748 966 2830 eupit.

259 2857 316 2922 Per
331 2874 427 2921 saoras
441 2858 534 2936 leges,
549 2872 625 2935 quas
639 2872 720 2918 uum
735 2854 866 2920 Basocha
881 2853 1005 2934 refecit,

299 2963 341 3027 Lo
356 2961 459 3026 viuum
478 2961 600 3040 Clergui
614 2976 730 3040 semper
749 2961 860 3026 habere
881 2961 996 3026 uolunt.

257 3067 333 3130 Cum
347 3070 437 3131 bursa
452 3067 540 3132 saoies
556 3073 650 3132 totam
664 3066 783 3130 afauare
795 3067 822 3128 la
838 3071 961 3143 gentem
976 3113 983 3143 ,

296 3169 388 3232 Seusa
407 3169 533 3236 denariis
549 3170 679 3236 scribere
691 3185 778 3234 namo
794 3175 903 3252 potest.
1063 3161 1067 3167 '

258 3270 393 3335 Scribere
412 3273 464 3356 qui
477 3273 583 3354 nescit,
600 3275 719 3338 nullum
734 3279 819 3354 putat
831 3290 897 3336 esse
908 3273 1061 3349 lahorem3

297 3375 368 3437 Tres
380 3373 464 3460 digiti
478 3375 629 3462 scribunt,
646 3384 751 3464 caetera
771 3377 905 3440 membra
925 3375 1037 3439 dolent.
