<?xml version="1.0" encoding="UTF-8"?>
<!DOCTYPE html PUBLIC "-//W3C//DTD XHTML 1.0 Transitional//EN"
    "http://www.w3.org/TR/xhtml1/DTD/xhtml1-transitional.dtd">
<html xmlns="http://www.w3.org/1999/xhtml" xml:lang="en" lang="en">
 <head>
  <title>
</title>
<meta http-equiv="Content-Type" content="text/html;charset=utf-8" />
  <meta name='ocr-system' content='tesseract 3.04.00' />
  <meta name='ocr-capabilities' content='ocr_page ocr_carea ocr_par ocr_line ocrx_word'/>
</head>
<body>
  <div class='ocr_page' id='page_1' title='image "./meygraentrepriz01bonagoog_0094.png"; bbox 0 0 2538 4224; ppageno 0'>
   <div class='ocr_carea' id='block_1_1' title="bbox 386 421 1005 518">
    <p class='ocr_par' dir='ltr' id='par_1_1' title="bbox 386 421 1005 518">
     <span class='ocr_line' id='line_1_1' title="bbox 386 421 1005 518; baseline -0.005 -24"><span class='ocrx_word' id='word_1_1' title='bbox 386 449 542 502; x_wconf 77' lang='lat' dir='ltr'>enromour</span> <span class='ocrx_word' id='word_1_2' title='bbox 563 421 771 494; x_wconf 84' lang='lat' dir='ltr'>rnrremro&#39;nrs.</span> <span class='ocrx_word' id='word_1_3' title='bbox 968 430 1005 518; x_wconf 65' lang='lat'>57</span> 
     </span>
    </p>
   </div>
   <div class='ocr_carea' id='block_1_2' title="bbox 153 554 1004 1365">
    <p class='ocr_par' dir='ltr' id='par_1_2' title="bbox 153 554 1004 1365">
     <span class='ocr_line' id='line_1_2' title="bbox 159 554 950 638; baseline 0.001 -22"><span class='ocrx_word' id='word_1_4' title='bbox 159 554 216 616; x_wconf 81' lang='lat' dir='ltr'>Lou</span> <span class='ocrx_word' id='word_1_5' title='bbox 231 557 316 620; x_wconf 80' lang='lat' dir='ltr'>iocus</span> <span class='ocrx_word' id='word_1_6' title='bbox 328 559 368 621; x_wconf 79' lang='lat' dir='ltr'>ud</span> <span class='ocrx_word' id='word_1_7' title='bbox 382 557 494 638; x_wconf 86' lang='lat' dir='ltr'>vitiem,</span> <span class='ocrx_word' id='word_1_8' title='bbox 510 557 647 638; x_wconf 84' lang='lat' dir='ltr'>dixisses,</span> <span class='ocrx_word' id='word_1_9' title='bbox 668 565 741 622; x_wconf 87' lang='lat' dir='ltr'>tuno</span> <span class='ocrx_word' id='word_1_10' title='bbox 757 563 821 621; x_wconf 81' lang='lat' dir='ltr'>erat</span> <span class='ocrx_word' id='word_1_11' title='bbox 834 555 950 635; x_wconf 90' lang='lat' dir='ltr'>omnis,</span> 
     </span>
     <span class='ocr_line' id='line_1_3' title="bbox 195 657 905 740; baseline 0.006 -22"><span class='ocrx_word' id='word_1_12' title='bbox 195 657 232 718; x_wconf 81' lang='lat' dir='ltr'>ut</span> <span class='ocrx_word' id='word_1_13' title='bbox 249 660 331 736; x_wconf 87' lang='lat' dir='ltr'>quod</span> <span class='ocrx_word' id='word_1_14' title='bbox 345 661 406 738; x_wconf 72' lang='lat' dir='ltr'>iam</span> <span class='ocrx_word' id='word_1_15' title='bbox 421 668 521 740; x_wconf 79' lang='lat' dir='ltr'>posset</span> <span class='ocrx_word' id='word_1_16' title='bbox 534 660 687 738; x_wconf 78' lang='lat' dir='ltr'><strong>stinguere</strong></span> <span class='ocrx_word' id='word_1_17' title='bbox 699 662 802 723; x_wconf 90' lang='lat' dir='ltr'>nulius</span> <span class='ocrx_word' id='word_1_18' title='bbox 816 675 905 736; x_wconf 76' lang='lat' dir='ltr'>eum3</span> 
     </span>
     <span class='ocr_line' id='line_1_4' title="bbox 156 757 1004 844; baseline 0.009 -26"><span class='ocrx_word' id='word_1_19' title='bbox 156 757 206 820; x_wconf 87' lang='lat' dir='ltr'>Vel</span> <span class='ocrx_word' id='word_1_20' title='bbox 221 763 388 826; x_wconf 85' lang='lat' dir='ltr'>semolahat</span> <span class='ocrx_word' id='word_1_21' title='bbox 401 781 494 842; x_wconf 79' lang='lat' dir='ltr'>aquas</span> <span class='ocrx_word' id='word_1_22' title='bbox 508 764 588 842; x_wconf 86' lang='lat' dir='ltr'>quod</span> <span class='ocrx_word' id='word_1_23' title='bbox 602 781 662 826; x_wconf 94' lang='lat' dir='ltr'>non</span> <span class='ocrx_word' id='word_1_24' title='bbox 675 765 814 828; x_wconf 82' lang='lat' dir='ltr'>trobbare</span> <span class='ocrx_word' id='word_1_25' title='bbox 828 771 980 844; x_wconf 83' lang='lat' dir='ltr'>potessent</span> <span class='ocrx_word' id='word_1_26' title='bbox 998 815 1004 826; x_wconf 89' lang='lat'>.</span> 
     </span>
     <span class='ocr_line' id='line_1_5' title="bbox 192 863 886 950; baseline 0.007 -23"><span class='ocrx_word' id='word_1_27' title='bbox 192 863 239 928; x_wconf 86' lang='lat' dir='ltr'>Sic</span> <span class='ocrx_word' id='word_1_28' title='bbox 258 883 404 947; x_wconf 80' lang='lat' dir='ltr'>campana</span> <span class='ocrx_word' id='word_1_29' title='bbox 420 876 505 931; x_wconf 82' lang='lat' dir='ltr'>sonet</span> <span class='ocrx_word' id='word_1_30' title='bbox 520 869 595 931; x_wconf 82' lang='lat' dir='ltr'>torte</span> <span class='ocrx_word' id='word_1_31' title='bbox 611 870 760 932; x_wconf 85' lang='lat' dir='ltr'>ooohondo</span> <span class='ocrx_word' id='word_1_32' title='bbox 778 887 886 950; x_wconf 75' lang='lat' dir='ltr'>copos3</span> 
     </span>
     <span class='ocr_line' id='line_1_6' title="bbox 153 963 908 1054; baseline 0.011 -28"><span class='ocrx_word' id='word_1_33' title='bbox 153 963 210 1028; x_wconf 83' lang='lat' dir='ltr'>Sed</span> <span class='ocrx_word' id='word_1_34' title='bbox 231 967 408 1047; x_wconf 82' lang='lat' dir='ltr'>terignonos</span> <span class='ocrx_word' id='word_1_35' title='bbox 427 969 542 1048; x_wconf 81' lang='lat' dir='ltr'>aliquos</span> <span class='ocrx_word' id='word_1_36' title='bbox 557 987 616 1032; x_wconf 95' lang='lat' dir='ltr'>non</span> <span class='ocrx_word' id='word_1_37' title='bbox 631 971 753 1054; x_wconf 64' lang='lat' dir='ltr'>vhranlet</span> <span class='ocrx_word' id='word_1_38' title='bbox 772 973 908 1050; x_wconf 66' lang='lat' dir='ltr'>atomos,</span> 
     </span>
     <span class='ocr_line' id='line_1_7' title="bbox 192 1069 867 1153; baseline 0.01 -23"><span class='ocrx_word' id='word_1_39' title='bbox 192 1069 232 1132; x_wconf 88' lang='lat' dir='ltr'>Le</span> <span class='ocrx_word' id='word_1_40' title='bbox 251 1071 482 1152; x_wconf 78' lang='lat' dir='ltr'>campognerius</span> <span class='ocrx_word' id='word_1_41' title='bbox 499 1072 610 1153; x_wconf 85' lang='lat' dir='ltr'>quippe</span> <span class='ocrx_word' id='word_1_42' title='bbox 629 1074 767 1136; x_wconf 79' lang='lat' dir='ltr'>dolemus</span> <span class='ocrx_word' id='word_1_43' title='bbox 781 1081 867 1137; x_wconf 83' lang='lat' dir='ltr'>erat:</span> 
     </span>
     <span class='ocr_line' id='line_1_8' title="bbox 157 1174 858 1257; baseline 0.007 -19"><span class='ocrx_word' id='word_1_44' title='bbox 157 1174 268 1241; x_wconf 83' lang='lat' dir='ltr'><strong>Omnes</strong></span> <span class='ocrx_word' id='word_1_45' title='bbox 283 1178 447 1242; x_wconf 87' lang='lat' dir='ltr'>olooherios</span> <span class='ocrx_word' id='word_1_46' title='bbox 461 1178 594 1243; x_wconf 78' lang='lat' dir='ltr'>audisses</span> <span class='ocrx_word' id='word_1_47' title='bbox 613 1186 687 1243; x_wconf 91' lang='lat' dir='ltr'>tuno</span> <span class='ocrx_word' id='word_1_48' title='bbox 701 1197 858 1257; x_wconf 79' lang='lat' dir='ltr'>resonare3</span> 
     </span>
     <span class='ocr_line' id='line_1_9' title="bbox 186 1279 930 1365; baseline 0.008 -25"><span class='ocrx_word' id='word_1_49' title='bbox 186 1279 296 1365; x_wconf 79' lang='lat' dir='ltr'>Clooha</span> <span class='ocrx_word' id='word_1_50' title='bbox 312 1290 399 1344; x_wconf 85' lang='lat' dir='ltr'>sonat</span> <span class='ocrx_word' id='word_1_51' title='bbox 420 1282 537 1362; x_wconf 88' lang='lat' dir='ltr'>subito,</span> <span class='ocrx_word' id='word_1_52' title='bbox 554 1283 677 1363; x_wconf 83' lang='lat' dir='ltr'>quorrdo</span> <span class='ocrx_word' id='word_1_53' title='bbox 697 1291 823 1347; x_wconf 83' lang='lat' dir='ltr'>retreota</span> <span class='ocrx_word' id='word_1_54' title='bbox 838 1283 930 1347; x_wconf 88' lang='lat' dir='ltr'>venit.</span> 
     </span>
    </p>
   </div>
   <div class='ocr_carea' id='block_1_3' title="bbox 39 1379 893 1466">
    <p class='ocr_par' dir='ltr' id='par_1_3' title="bbox 39 1379 893 1466">
     <span class='ocr_line' id='line_1_10' title="bbox 39 1379 893 1466; baseline 0.011 -26"><span class='ocrx_word' id='word_1_55' title='bbox 39 1456 41 1460; x_wconf 13' lang='grc' dir='ltr'><strong><em>ι</em></strong></span> <span class='ocrx_word' id='word_1_56' title='bbox 151 1379 256 1446; x_wconf 87' lang='lat' dir='ltr'>Plures</span> <span class='ocrx_word' id='word_1_57' title='bbox 276 1385 458 1462; x_wconf 81' lang='lat' dir='ltr'>gendarmas</span> <span class='ocrx_word' id='word_1_58' title='bbox 472 1386 509 1450; x_wconf 89' lang='lat' dir='ltr'>de</span> <span class='ocrx_word' id='word_1_59' title='bbox 527 1386 645 1466; x_wconf 82' lang='lat' dir='ltr'>Spagna</span> <span class='ocrx_word' id='word_1_60' title='bbox 664 1385 740 1449; x_wconf 79' lang='lat' dir='ltr'>Vitta</span> <span class='ocrx_word' id='word_1_61' title='bbox 754 1385 893 1465; x_wconf 76' lang='lat' dir='ltr'>trotarii,</span> 
     </span>
    </p>
   </div>
   <div class='ocr_carea' id='block_1_4' title="bbox 65 1487 956 3327">
    <p class='ocr_par' dir='ltr' id='par_1_4' title="bbox 65 1487 956 3327">
     <span class='ocr_line' id='line_1_11' title="bbox 185 1487 729 1572; baseline 0.004 -22"><span class='ocrx_word' id='word_1_62' title='bbox 185 1487 223 1550; x_wconf 90' lang='lat' dir='ltr'>Se</span> <span class='ocrx_word' id='word_1_63' title='bbox 241 1490 429 1554; x_wconf 81' lang='lat' dir='ltr'>defendendo</span> <span class='ocrx_word' id='word_1_64' title='bbox 445 1509 524 1572; x_wconf 83' lang='lat' dir='ltr'>saepe</span> <span class='ocrx_word' id='word_1_65' title='bbox 539 1490 653 1555; x_wconf 76' lang='lat' dir='ltr'><strong>necavit</strong></span> <span class='ocrx_word' id='word_1_66' title='bbox 668 1508 729 1554; x_wconf 85' lang='lat' dir='ltr'>eos.</span> 
     </span>
     <span class='ocr_line' id='line_1_12' title="bbox 156 1590 952 1675; baseline 0.005 -21"><span class='ocrx_word' id='word_1_67' title='bbox 156 1590 220 1654; x_wconf 91' lang='lat' dir='ltr'>Non</span> <span class='ocrx_word' id='word_1_68' title='bbox 235 1594 336 1674; x_wconf 86' lang='lat' dir='ltr'>potuit</span> <span class='ocrx_word' id='word_1_69' title='bbox 350 1596 472 1659; x_wconf 83' lang='lat' dir='ltr'>tandem</span> <span class='ocrx_word' id='word_1_70' title='bbox 489 1603 562 1660; x_wconf 86' lang='lat' dir='ltr'>tuno</span> <span class='ocrx_word' id='word_1_71' title='bbox 574 1595 766 1675; x_wconf 80' lang='lat' dir='ltr'>conquisiere</span> <span class='ocrx_word' id='word_1_72' title='bbox 779 1596 929 1658; x_wconf 84' lang='lat' dir='ltr'>betelham</span> <span class='ocrx_word' id='word_1_73' title='bbox 943 1644 952 1674; x_wconf 87' lang='lat'><strong><em>‚</em></strong></span> 
     </span>
     <span class='ocr_line' id='line_1_13' title="bbox 188 1695 868 1779; baseline 0.009 -23"><span class='ocrx_word' id='word_1_74' title='bbox 188 1695 271 1760; x_wconf 86' lang='lat' dir='ltr'>Prisa</span> <span class='ocrx_word' id='word_1_75' title='bbox 286 1697 347 1761; x_wconf 82' lang='lat' dir='ltr'>tuit</span> <span class='ocrx_word' id='word_1_76' title='bbox 361 1716 414 1779; x_wconf 82' lang='lat' dir='ltr'>per</span> <span class='ocrx_word' id='word_1_77' title='bbox 433 1699 493 1762; x_wconf 88' lang='lat' dir='ltr'>vim</span> <span class='ocrx_word' id='word_1_78' title='bbox 509 1718 613 1763; x_wconf 91' lang='lat' dir='ltr'>rursus</span> <span class='ocrx_word' id='word_1_79' title='bbox 629 1701 665 1763; x_wconf 83' lang='lat' dir='ltr'>ad</span> <span class='ocrx_word' id='word_1_80' title='bbox 681 1715 764 1762; x_wconf 85' lang='lat' dir='ltr'>armo</span> <span class='ocrx_word' id='word_1_81' title='bbox 779 1701 868 1762; x_wconf 84' lang='lat' dir='ltr'>male.</span> 
     </span>
     <span class='ocr_line' id='line_1_14' title="bbox 154 1795 868 1884; baseline 0.007 -25"><span class='ocrx_word' id='word_1_82' title='bbox 154 1795 260 1864; x_wconf 82' lang='lat' dir='ltr'>Omnia</span> <span class='ocrx_word' id='word_1_83' title='bbox 273 1801 453 1881; x_wconf 76' lang='lat' dir='ltr'>rennerunt,</span> <span class='ocrx_word' id='word_1_84' title='bbox 474 1801 575 1865; x_wconf 79' lang='lat' dir='ltr'>tillem</span> <span class='ocrx_word' id='word_1_85' title='bbox 589 1811 655 1884; x_wconf 83' lang='lat' dir='ltr'>post</span> <span class='ocrx_word' id='word_1_86' title='bbox 670 1801 868 1877; x_wconf 85' lang='lat' dir='ltr'>abotinando,</span> 
     </span>
     <span class='ocr_line' id='line_1_15' title="bbox 189 1899 811 1988; baseline 0.011 -25"><span class='ocrx_word' id='word_1_87' title='bbox 189 1899 227 1964; x_wconf 83' lang='lat' dir='ltr'>m</span> <span class='ocrx_word' id='word_1_88' title='bbox 242 1921 360 1969; x_wconf 84' lang='lat' dir='ltr'>sacram</span> <span class='ocrx_word' id='word_1_89' title='bbox 374 1905 526 1988; x_wconf 83' lang='lat' dir='ltr'>Gteysam,</span> <span class='ocrx_word' id='word_1_90' title='bbox 542 1905 716 1987; x_wconf 78' lang='lat' dir='ltr'>respiciente</span> <span class='ocrx_word' id='word_1_91' title='bbox 730 1907 811 1985; x_wconf 86' lang='lat' dir='ltr'>Deo;</span> 
     </span>
     <span class='ocr_line' id='line_1_16' title="bbox 155 1999 911 2091; baseline 0.013 -29"><span class='ocrx_word' id='word_1_92' title='bbox 155 1999 192 2064; x_wconf 84' lang='lat' dir='ltr'>m</span> <span class='ocrx_word' id='word_1_93' title='bbox 205 2005 280 2070; x_wconf 92' lang='lat' dir='ltr'>mihi</span> <span class='ocrx_word' id='word_1_94' title='bbox 296 2023 472 2091; x_wconf 82' lang='lat' dir='ltr'>maysonem</span> <span class='ocrx_word' id='word_1_95' title='bbox 489 2009 665 2089; x_wconf 82' lang='lat' dir='ltr'>furuerunt,</span> <span class='ocrx_word' id='word_1_96' title='bbox 685 2026 774 2074; x_wconf 88' lang='lat' dir='ltr'>omne</span> <span class='ocrx_word' id='word_1_97' title='bbox 788 2011 911 2074; x_wconf 86' lang='lat' dir='ltr'>levando</span> 
     </span>
     <span class='ocr_line' id='line_1_17' title="bbox 190 2105 854 2174; baseline 0.008 -6"><span class='ocrx_word' id='word_1_98' title='bbox 190 2105 299 2172; x_wconf 86' lang='lat' dir='ltr'>Mobile</span> <span class='ocrx_word' id='word_1_99' title='bbox 317 2130 323 2170; x_wconf 94' lang='lat'><strong>:</strong></span> <span class='ocrx_word' id='word_1_100' title='bbox 338 2107 518 2172; x_wconf 86' lang='lat' dir='ltr'>Demonium</span> <span class='ocrx_word' id='word_1_101' title='bbox 531 2111 606 2172; x_wconf 84' lang='lat' dir='ltr'>coila</span> <span class='ocrx_word' id='word_1_102' title='bbox 620 2112 788 2174; x_wconf 85' lang='lat' dir='ltr'>retrenohet</span> <span class='ocrx_word' id='word_1_103' title='bbox 800 2110 854 2174; x_wconf 87' lang='lat' dir='ltr'>eis.</span> 
     </span>
     <span class='ocr_line' id='line_1_18' title="bbox 153 2205 839 2290; baseline 0.009 -20"><span class='ocrx_word' id='word_1_104' title='bbox 153 2205 301 2290; x_wconf 82' lang='lat' dir='ltr'>Perpetuo</span> <span class='ocrx_word' id='word_1_105' title='bbox 316 2214 414 2275; x_wconf 81' lang='lat' dir='ltr'>natale</span> <span class='ocrx_word' id='word_1_106' title='bbox 433 2213 531 2274; x_wconf 90' lang='lat' dir='ltr'>solum</span> <span class='ocrx_word' id='word_1_107' title='bbox 545 2211 701 2276; x_wconf 81' lang='lat' dir='ltr'>dulcedine</span> <span class='ocrx_word' id='word_1_108' title='bbox 713 2219 839 2276; x_wconf 81' lang='lat' dir='ltr'>cunctos</span> 
     </span>
     <span class='ocr_line' id='line_1_19' title="bbox 194 2313 849 2396; baseline 0.009 -22"><span class='ocrx_word' id='word_1_109' title='bbox 194 2313 328 2396; x_wconf 83' lang='lat' dir='ltr'>Detinet,</span> <span class='ocrx_word' id='word_1_110' title='bbox 347 2315 538 2379; x_wconf 83' lang='lat' dir='ltr'>immemores</span> <span class='ocrx_word' id='word_1_111' title='bbox 557 2333 612 2380; x_wconf 88' lang='lat' dir='ltr'>neo</span> <span class='ocrx_word' id='word_1_112' title='bbox 626 2316 697 2380; x_wconf 90' lang='lat' dir='ltr'>sinit</span> <span class='ocrx_word' id='word_1_113' title='bbox 711 2334 778 2382; x_wconf 87' lang='lat' dir='ltr'>esse</span> <span class='ocrx_word' id='word_1_114' title='bbox 792 2317 849 2380; x_wconf 87' lang='lat' dir='ltr'>sui.</span> 
     </span>
     <span class='ocr_line' id='line_1_20' title="bbox 161 2415 948 2501; baseline 0.006 -23"><span class='ocrx_word' id='word_1_115' title='bbox 161 2415 259 2498; x_wconf 83' lang='lat' dir='ltr'>Atque</span> <span class='ocrx_word' id='word_1_116' title='bbox 273 2422 490 2500; x_wconf 87' lang='lat' dir='ltr'>Tholonenses‚</span> <span class='ocrx_word' id='word_1_117' title='bbox 511 2421 564 2499; x_wconf 81' lang='lat' dir='ltr'>qui</span> <span class='ocrx_word' id='word_1_118' title='bbox 578 2427 649 2484; x_wconf 87' lang='lat' dir='ltr'>sunt</span> <span class='ocrx_word' id='word_1_119' title='bbox 664 2424 801 2486; x_wconf 82' lang='lat' dir='ltr'>velhenta</span> <span class='ocrx_word' id='word_1_120' title='bbox 816 2421 948 2501; x_wconf 78' lang='lat' dir='ltr'>brigeio,</span> 
     </span>
     <span class='ocr_line' id='line_1_21' title="bbox 197 2520 869 2603; baseline 0.003 -20"><span class='ocrx_word' id='word_1_121' title='bbox 197 2520 307 2586; x_wconf 84' lang='lat' dir='ltr'>Contra</span> <span class='ocrx_word' id='word_1_122' title='bbox 321 2523 507 2603; x_wconf 79' lang='lat' dir='ltr'>Espagnoios</span> <span class='ocrx_word' id='word_1_123' title='bbox 521 2541 603 2586; x_wconf 82' lang='lat' dir='ltr'>erma</span> <span class='ocrx_word' id='word_1_124' title='bbox 618 2525 751 2586; x_wconf 82' lang='lat' dir='ltr'>telhanta</span> <span class='ocrx_word' id='word_1_125' title='bbox 766 2523 869 2586; x_wconf 81' lang='lat' dir='ltr'>tinent.</span> 
     </span>
     <span class='ocr_line' id='line_1_22' title="bbox 159 2621 910 2708; baseline 0.005 -24"><span class='ocrx_word' id='word_1_126' title='bbox 159 2621 242 2690; x_wconf 72' lang='lat' dir='ltr'>duno</span> <span class='ocrx_word' id='word_1_127' title='bbox 256 2628 350 2691; x_wconf 83' lang='lat' dir='ltr'>intrat</span> <span class='ocrx_word' id='word_1_128' title='bbox 365 2636 487 2708; x_wconf 88' lang='lat' dir='ltr'>portum</span> <span class='ocrx_word' id='word_1_129' title='bbox 502 2646 553 2708; x_wconf 87' lang='lat' dir='ltr'>per</span> <span class='ocrx_word' id='word_1_130' title='bbox 568 2629 678 2690; x_wconf 84' lang='lat' dir='ltr'>torsam</span> <span class='ocrx_word' id='word_1_131' title='bbox 693 2627 774 2688; x_wconf 81' lang='lat' dir='ltr'>nulia</span> <span class='ocrx_word' id='word_1_132' title='bbox 789 2627 886 2703; x_wconf 80' lang='lat' dir='ltr'>galera</span> <span class='ocrx_word' id='word_1_133' title='bbox 903 2675 910 2706; x_wconf 88' lang='lat'>,</span> 
     </span>
     <span class='ocr_line' id='line_1_23' title="bbox 65 2727 895 2812; baseline -0.002 -20"><span class='ocrx_word' id='word_1_134' title='bbox 65 2803 71 2812; x_wconf 35' lang='grc'><strong><em>,</em></strong></span> <span class='ocrx_word' id='word_1_135' title='bbox 198 2727 276 2801; x_wconf 86' lang='lat' dir='ltr'>Quin</span> <span class='ocrx_word' id='word_1_136' title='bbox 299 2728 390 2792; x_wconf 86' lang='lat' dir='ltr'>turris</span> <span class='ocrx_word' id='word_1_137' title='bbox 405 2731 526 2810; x_wconf 78' lang='lat' dir='ltr'>messer,</span> <span class='ocrx_word' id='word_1_138' title='bbox 543 2737 633 2808; x_wconf 82' lang='lat' dir='ltr'>etque</span> <span class='ocrx_word' id='word_1_139' title='bbox 648 2729 807 2808; x_wconf 80' lang='lat' dir='ltr'>profundet</span> <span class='ocrx_word' id='word_1_140' title='bbox 819 2745 895 2790; x_wconf 83' lang='lat' dir='ltr'>eom.</span> 
     </span>
     <span class='ocr_line' id='line_1_24' title="bbox 161 2828 956 2916; baseline 0.009 -27"><span class='ocrx_word' id='word_1_141' title='bbox 161 2828 235 2897; x_wconf 79' lang='lat' dir='ltr'>Villa</span> <span class='ocrx_word' id='word_1_142' title='bbox 250 2836 288 2898; x_wconf 90' lang='lat' dir='ltr'>de</span> <span class='ocrx_word' id='word_1_143' title='bbox 307 2836 386 2916; x_wconf 84' lang='lat' dir='ltr'>Reys</span> <span class='ocrx_word' id='word_1_144' title='bbox 401 2841 503 2898; x_wconf 84' lang='lat' dir='ltr'>contra</span> <span class='ocrx_word' id='word_1_145' title='bbox 518 2835 685 2898; x_wconf 83' lang='lat' dir='ltr'>i&#39;armatam</span> <span class='ocrx_word' id='word_1_146' title='bbox 701 2851 732 2898; x_wconf 88' lang='lat' dir='ltr'>se</span> <span class='ocrx_word' id='word_1_147' title='bbox 745 2835 822 2897; x_wconf 86' lang='lat' dir='ltr'>bene</span> <span class='ocrx_word' id='word_1_148' title='bbox 835 2835 956 2912; x_wconf 57' lang='lat' dir='ltr'>gardam</span> 
     </span>
     <span class='ocr_line' id='line_1_25' title="bbox 199 2935 821 3018; baseline -0.005 -17"><span class='ocrx_word' id='word_1_149' title='bbox 199 2935 323 3010; x_wconf 81' lang='lat' dir='ltr'>Quando</span> <span class='ocrx_word' id='word_1_150' title='bbox 337 2937 493 3018; x_wconf 75' lang='lat' dir='ltr'>retulerit,</span> <span class='ocrx_word' id='word_1_151' title='bbox 507 2937 565 3000; x_wconf 83' lang='lat' dir='ltr'>tort</span> <span class='ocrx_word' id='word_1_152' title='bbox 580 2936 730 3018; x_wconf 80' lang='lat' dir='ltr'>ginonarit</span> <span class='ocrx_word' id='word_1_153' title='bbox 744 2953 821 3000; x_wconf 82' lang='lat' dir='ltr'>eam.</span> 
     </span>
     <span class='ocr_line' id='line_1_26' title="bbox 161 3033 802 3120; baseline 0.011 -25"><span class='ocrx_word' id='word_1_154' title='bbox 161 3033 294 3102; x_wconf 79' lang='lat' dir='ltr'>Andreas</span> <span class='ocrx_word' id='word_1_155' title='bbox 309 3038 424 3120; x_wconf 80' lang='lat' dir='ltr'>Dorias,</span> <span class='ocrx_word' id='word_1_156' title='bbox 445 3039 488 3102; x_wconf 88' lang='lat' dir='ltr'>ilii</span> <span class='ocrx_word' id='word_1_157' title='bbox 502 3039 637 3102; x_wconf 81' lang='lat' dir='ltr'>donando</span> <span class='ocrx_word' id='word_1_158' title='bbox 652 3041 802 3116; x_wconf 84' lang='lat' dir='ltr'>favorem,</span> 
     </span>
     <span class='ocr_line' id='line_1_27' title="bbox 199 3141 842 3222; baseline 0.006 -18"><span class='ocrx_word' id='word_1_159' title='bbox 199 3141 388 3222; x_wconf 80' lang='lat' dir='ltr'>Espergnaro</span> <span class='ocrx_word' id='word_1_160' title='bbox 402 3143 471 3207; x_wconf 87' lang='lat' dir='ltr'>iaoit</span> <span class='ocrx_word' id='word_1_161' title='bbox 485 3154 559 3207; x_wconf 85' lang='lat' dir='ltr'>tune</span> <span class='ocrx_word' id='word_1_162' title='bbox 573 3143 629 3208; x_wconf 92' lang='lat' dir='ltr'>sibi</span> <span class='ocrx_word' id='word_1_163' title='bbox 644 3145 738 3206; x_wconf 84' lang='lat' dir='ltr'>multa</span> <span class='ocrx_word' id='word_1_164' title='bbox 753 3143 842 3208; x_wconf 88' lang='lat' dir='ltr'>hona.</span> 
     </span>
     <span class='ocr_line' id='line_1_28' title="bbox 159 3238 933 3327; baseline 0.009 -24"><span class='ocrx_word' id='word_1_165' title='bbox 159 3238 266 3325; x_wconf 81' lang='lat' dir='ltr'>Quare,</span> <span class='ocrx_word' id='word_1_166' title='bbox 282 3245 398 3325; x_wconf 85' lang='lat' dir='ltr'>etquid</span> <span class='ocrx_word' id='word_1_167' title='bbox 413 3247 537 3327; x_wconf 84' lang='lat' dir='ltr'>iactum,</span> <span class='ocrx_word' id='word_1_168' title='bbox 554 3245 710 3323; x_wconf 83' lang='lat' dir='ltr'>miremur,</span> <span class='ocrx_word' id='word_1_169' title='bbox 728 3245 840 3309; x_wconf 81' lang='lat' dir='ltr'>venerit</span> <span class='ocrx_word' id='word_1_170' title='bbox 855 3245 933 3310; x_wconf 86' lang='lat' dir='ltr'>istuc</span> 
     </span>
    </p>
   </div>
   <div class='ocr_carea' id='block_1_5' title="bbox 196 3347 846 3513">
    <p class='ocr_par' dir='ltr' id='par_1_5' title="bbox 196 3347 846 3513">
     <span class='ocr_line' id='line_1_29' title="bbox 196 3347 832 3432; baseline 0.002 -21"><span class='ocrx_word' id='word_1_171' title='bbox 196 3351 305 3413; x_wconf 82' lang='lat' dir='ltr'>Jannes</span> <span class='ocrx_word' id='word_1_172' title='bbox 320 3352 508 3432; x_wconf 78' lang='lat' dir='ltr'>Prepoyntus</span> <span class='ocrx_word' id='word_1_173' title='bbox 523 3366 593 3414; x_wconf 82' lang='lat' dir='ltr'>eum</span> <span class='ocrx_word' id='word_1_174' title='bbox 610 3347 754 3412; x_wconf 68' lang='lat' dir='ltr'>brevitate</span> <span class='ocrx_word' id='word_1_175' title='bbox 769 3368 832 3412; x_wconf 88' lang='lat' dir='ltr'>sna.</span> 
     </span>
     <span class='ocr_line' id='line_1_30' title="bbox 827 3461 846 3513; baseline 0 0"><span class='ocrx_word' id='word_1_176' title='bbox 827 3461 846 3513; x_wconf 89' lang='lat'><strong>8</strong></span> 
     </span>
    </p>
   </div>
   <div class='ocr_carea' id='block_1_6' title="bbox 0 0 1274 4224">
    <p class='ocr_par' dir='ltr' id='par_1_6' title="bbox 0 0 1274 4224">
     <span class='ocr_line' id='line_1_31' title="bbox 0 0 1274 4224; baseline 0 3"><span class='ocrx_word' id='word_1_177' title='bbox 0 0 1274 4224; x_wconf 95' lang='lat' dir='ltr'> </span> 
     </span>
    </p>
   </div>
  </div>
 </body>
</html>
