2538 4224
363 384 366 390 ¹
403 419 560 474 amomum
580 420 785 466 imaumoms.
981 403 1019 463 73

167 529 244 591 Cum
255 525 433 589 tamboriuis
451 533 482 590 at
497 525 571 590 fiiris
585 528 661 590 forte
679 527 798 606 meavit,

208 634 252 696 De
265 633 372 696 frucha
386 632 460 694 dura
474 631 641 711 festagiavit
652 649 723 695 eum
738 655 744 694 ε

166 735 393 801 Borbamdaudo
410 735 509 817 illum,
529 735 680 799 mandavit
694 744 794 818 presto
809 741 932 819 salutes,

205 843 287 907 Mille
306 850 466 906 canouaias
484 843 548 923 ipsa
569 841 669 905 tiravit
688 841 726 905 ai.

162 946 303 1010 Fulmina
318 945 444 1009 dixisses
464 963 533 1025 quau
546 945 683 1027 iuppiter
696 946 746 1010 ille
761 947 884 1028 gitabat,

211 1052 269 1124 Qui
282 1059 366 1116 renat
384 1051 416 1114 in
428 1052 524 1127 malis,
539 1037 667 1130 'quando
678 1059 798 1116 irouare
815 1052 896 1116 facit.

172 1157 340 1220 Basaliscus
352 1164 416 1220 arat
431 1173 551 1234 grossos
570 1154 738 1218 mandando
749 1157 876 1238 boletos,

204 1261 397 1338 Larguabaut
418 1257 510 1322 etiam
525 1259 734 1338 passavolauia
750 1265 863 1339 patras.

166 1366 281 1444 Duplos
296 1363 440 1442 audisses,
462 1362 647 1443 simplosque
659 1361 750 1426 iiiam
763 1381 904 1444 canones,

202 1471 242 1532 Et
261 1468 715 1552 megeusa110S,faucunelosqua
737 1469 843 1547 bunos,

163 1571 401 1650 Esmersshoues,
421 1570 587 1649 bastardum,
612 1577 642 1633 et
663 1569 847 1649 colubriuas3

205 1673 395 1736 Arcahutaut
415 1690 532 1754 omues,
549 1674 746 1754 esmpetaudo
761 1674 861 1738 simul.

164 1775 212 1839 Ad
229 1789 320 1856 pm'pu
336 1777 373 1839 de
392 1774 492 1838 Barris
507 1794 567 1840 nun
581 1777 671 1840 audet
690 1794 799 1857 ponere
813 1793 931 1848 nasum;

211 1883 277 1945 Non
293 1879 351 1944 sibi
365 1897 488 1944 securus
506 1887 581 1944 tuuc
594 1883 677 1944 locus
693 1883 862 1946 alluserat.

164 1984 281 2047 Elium
301 1985 338 2047 da
355 1984 445 2064 portu
460 1989 614 2046 summunt
633 1983 703 2048 iude
720 1987 848 2064 galarae3

207 2087 330 2165 Plaggia
342 2087 517 2165 d’Amnquo
539 2087 758 2166 perremigabat
775 2106 835 2152 aas.

170 2191 324 2252 Parmam
343 2187 475 2266 garnisas
493 2189 610 2253 fossatis
628 2190 739 2255 Frausa
754 2195 868 2271 galerus

210 2292 335 2372 Semper
353 2292 446 2354 habet
464 2293 578 2372 plures,
594 2310 663 2371 quaa
677 2295 753 2357 hona
765 2297 861 2358 muita
873 2295 985 2358 ferunt.

169 2395 239 2474 lpse
256 2396 433 2459 senescalus
448 2395 484 2458 de
503 2413 594 2478 payso
614 2396 735 2474 saggius
749 2397 867 2476 omnis,

213 2497 346 2561 Giaudus
360 2499 397 2561 de
409 2497 508 2562 Teuda
527 2498 651 2578 contus,
667 2498 704 2560 ad
719 2515 800 2561 arma
812 2506 938 2578 polens,

170 2604 277 2668 Presto
296 2623 365 2667 suas
379 2603 448 2668 fauit
462 2605 521 2668 iuri
541 2605 736 2669 bombardare
749 2605 864 2682 galetas
879 2622 885 2680 ;

212 2709 453 2788 Imperalatoram
468 2708 545 2770 forle
558 2708 668 2771 frotaue
686 2705 767 2769 iacit.

173 2813 301 2876 Sanctus
315 2812 497 2875 Blamardus
511 2812 638 2892 pulsavit
652 2819 779 2888 tumque
796 2808 949 2885 Baruuus,

215 2914 325 2978 Contra
338 2914 526 2994 l'lmpmium
541 2922 603 2978 tota
622 2917 722 2992 galera
742 2911 821 2973 lirat.

173 3019 218 3080 De
237 3017 332 3080 Gauda
349 3017 474 3081 Domina
485 3017 647 3082 fortissima
660 3024 761 3080 nostra
775 3017 862 3078 beata

214 3118 374 3182 Massiliam
388 3121 503 3201 gaidat,
520 3127 548 3184 et
564 3121 640 3184 bana
652 3121 745 3182 salvat
757 3134 841 3196 aam3

172 3224 285 3286 Omnes
297 3224 436 3306 ablaygat
448 3241 502 3304 per
514 3230 620 3303 terras,
641 3229 733 3300 atque
746 3221 906 3303 profundat

212 3327 270 3388 Par
289 3343 381 3407 mara,
405 3325 457 3404 qui
478 3324 603 3388 veniunt
618 3342 671 3404 pro
686 3323 819 3389 faciendo
835 3329 960 3388 malum.

833 3433 869 3490 io
