2538 4224
259 432 299 494 82
523 447 645 494 uniam
665 446 845 492 anrnrrnrsr

259 557 450 622 Monstrandu
465 555 529 636 regi
542 557 665 631 bandus,
683 572 717 621 aa
731 555 847 620 ordinat
862 555 928 618 illas
944 605 951 635 ,

298 660 338 722 Et
353 661 444 722 voltat
456 675 596 740 eampum
610 658 796 724 d’Avenione
810 675 911 722 suum.

258 765 414 827 Plasernm
428 762 546 844 prandit
560 763 637 843 Rex,
652 771 683 827 et
695 762 816 826 ridendo
831 764 993 844 s'alegrat,

297 866 494 948 Pnyssansam
507 864 649 942 grandem
661 865 844 946 respiciendo
859 882 957 928 suam.

257 967 396 1033 Franeesi
408 969 537 1032 bandum
551 969 758 1034 demonstrant
769 969 873 1033 ordine
887 969 1032 1048 grandem
1044 989 1051 1049 ;

297 1070 539 1150 Genti-gatantes
555 1071 678 1134 Francia
693 1088 810 1152 semper
823 1073 925 1136 habet.

256 1177 538 1255 Lansacanetorum‚
554 1175 709 1255 bridando,
723 1176 818 1238 banda
833 1175 1023 1256 triumphat,

294 1278 468 1357 Embriagat
479 1286 600 1358 testam,
615 1295 685 1342 eurn
697 1279 774 1342 bene
785 1276 853 1340 vina
866 1280 977 1342 vatent.

256 1382 296 1446 ut
309 1383 346 1448 de
356 1382 496 1448 Gaseonis
511 1385 642 1446 multum
656 1384 684 1445 la
698 1383 795 1446 banda
814 1384 977 1464 tranabat,

293 1486 350 1562 Qui
364 1488 440 1550 bene
454 1494 617 1568 natamant,
631 1493 722 1565 atque
733 1493 852 1552 trucare
866 1491 975 1552 solent.

254 1591 343 1655 Altos
357 1590 489 1655 Sahicius
503 1591 637 1670 vidisses,
650 1598 741 1669 atqua
754 1592 912 1669 galhardus
924 1639 932 1673 ‚

293 1695 350 1770 Qui
363 1702 484 1776 propter
502 1701 630 1758 mertem
646 1711 706 1758 n0n
720 1696 853 1758 reculare
868 1697 984 1759 volunt.

254 1798 429 1864 Terribilem
444 1798 573 1862 bandam
587 1795 734 1860 iaciebant
748 1795 884 1876 statiani,

294 1901 351 1975 Qui
363 1901 498 1981 rapinane
512 1901 609 1964 solent
623 1915 719 1977 usque
734 1907 847 1962 saerata
860 1900 924 1964 Dei.

254 2004 297 2067 De
311 2003 497 2067 Prorensalis
511 2001 601 2066 etiam
615 2004 643 2065 la
655 2002 752 2064 banda
763 2000 951 2082 triumphat,

291 2106 472 2188 Puyssantos
485 2105 621 2169 homines
634 2103 692 2168 iste
705 2122 817 2187 paysus
831 2105 932 2170 habet.

249 2207 379 2271 Centum
393 2206 476 2271 milla
486 2199 624 2272 homines
635 2212 766 2269 armatas
777 2207 890 2270 Fransa
904 2208 1025 2271 tenebat
1039 2257 1046 2288 ,

290 2310 510 2392 Imperelatoris
523 2328 606 2375 arma
621 2310 754 2374 timendo
768 2311 854 2374 nihil.

249 2415 423 2493 Numquam
437 2421 520 2478 tanta
540 2414 608 2494 fuit,
630 2413 745 2490 dirum,
760 2413 804 2478 ibi
821 2415 895 2478 rista
908 2413 1044 2494 briga&

291 2517 435 2599 Dixisses,
455 2520 587 2582 mundus
602 2524 675 2581 tuuc
688 2515 776 2596 quasi
790 2523 872 2580 totus
885 2525 948 2580 erat
958 2528 968 2578 ἐ

251 2621 459 2702 Miranturque
470 2621 606 2686 homines
619 2628 663 2684 tot
675 2628 749 2700 quot
761 2628 867 2684 natura
881 2620 1011 2697 creavit,

291 2727 424 2790 Semblat
439 2725 519 2804 quod
533 2731 631 2788 tantos
645 2742 704 2788 nan
720 2723 875 2804 paradisus
888 2725 989 2788 habet.

250 2833 308 2901 a?
318 2825 400 2889 Vinti
414 2826 496 2891 mitte
510 2829 587 2890 valet
600 2825 737 2890 homines
750 2825 909 2907 praesentia
923 2825 1014 2904 Regis
1026 2845 1034 2902 ;

289 2930 448 3008 Cnragium
461 2929 576 2994 cunetis
588 2937 690 3012 auget,
705 2937 736 2994 et
748 2937 835 3008 urget
847 2948 908 2994 ens.
928 2946 930 2949 ·

181 3015 186 3023 ’
251 3034 308 3095 Per
323 3047 463 3113 campum
477 3033 582 3096 tendas
595 3033 743 3111 iecerunt,
759 3039 864 3111 totque
875 3035 1023 3096 cabannas
1036 3082 1044 3111 ,

290 3135 392 3214 Atque
410 3135 593 3217 pantheum,
608 3137 687 3216 qued
701 3153 766 3200 mea
781 3143 858 3199 testa
873 3135 959 3200 nirat.

249 3237 295 3300 Ex
312 3254 373 3315 quo
385 3239 501 3316 parlatu
517 3255 549 3302 se
567 3240 732 3302 merrethat
746 3239 961 3318 induperat0r3

288 3339 459 3414 Plangendo
471 3337 545 3404 dixit
561 3362 567 3402 :
584 3359 639 3404 nos
653 3342 811 3403 tremotare
825 3339 919 3402 decet.
