2504 4240
405 412 562 466 caroniam
585 413 790 458 rnrunrruars
986 401 1017 460 tt

168 525 327 586 Armatam
342 522 433 602 Regis
444 523 611 604 d’llspagna
632 540 709 603 saepe
724 524 891 603 gubernat,
966 551 969 560 ·

208 631 263 693 llst
278 627 335 691 sibi
354 631 529 710 cervellum,
544 628 762 708 consiliumque
776 631 900 692 bonum.

166 735 334 814 sortilegus
352 736 443 798 fallax
462 741 520 812 est,
540 731 698 796 divinando
716 735 886 812 malorum;

206 839 338 901 Folletos
350 843 462 917 portat,
478 836 691 914 belligerando,
707 838 811 898 malos.

170 941 240 1017 Ung
256 946 447 1022 meyssantus
464 940 555 1002 homa
566 945 753 1020 moyssantos
764 940 884 1002 carebat
896 940 1024 1014 babere,

116 1115 117 1118 Ἴ
207 1044 248 1106 llt
263 1042 446 1123 palbardisas
460 1041 600 1122 somniat,
618 1049 710 1120 atque
731 1041 810 1106 lacit.

168 1153 208 1215 llt
221 1153 290 1214 Dux
302 1150 444 1231 Baveriae,
459 1149 628 1216 Ferrandus
642 1149 775 1228 llarquio
788 1150 870 1214 Gasti
883 1201 890 1232 ‚

204 1255 292 1318 Alvae
307 1256 376 1318 Dux
392 1253 482 1318 otiam
494 1255 753 1332 consequebantur
768 1271 851 1318 eum.

168 1358 346 1437 Complures
366 1357 438 1422 alios
457 1357 593 1420 homines
606 1364 721 1420 armata
735 1359 895 1434 menabat,

207 1462 266 1524 Sed
280 1479 332 1542 per
346 1463 528 1524 Provensam
547 1467 626 1523 terra
639 1463 768 1541 sepultat
781 1479 842 1524 eos.

167 1566 226 1628 Per
238 1571 356 1627 nostras
370 1571 467 1628 terras
481 1562 588 1644 uiginti
605 1563 689 1627 mille
707 1563 827 1642 reliquit
841 1615 848 1643 ‚

207 1666 264 1740 Qui
277 1668 354 1730 bene
367 1669 532 1746 pensabant
549 1685 603 1730 nos
616 1683 756 1746 superare
773 1666 830 1729 situ
844 1688 850 1744 ;

164 1771 207 1834 Et
224 1787 294 1834 oum
309 1788 458 1850 vergogna
479 1779 611 1833 mortum
631 1777 697 1850 post
715 1786 823 1850 eorpus
838 1787 942 1834 eorum

206 1876 276 1937 Post
290 1873 347 1936 luit
362 1891 378 1936 a
393 1873 515 1938 canibus
530 1892 596 1937 esca
619 1872 731 1936 irianda
752 1873 843 1954 lupis

166 1981 233 2044 Non
249 1977 306 2042 sibi
324 1985 398 2040 tunc
412 1981 522 2042 elasam
537 1979 615 2041 ullos
631 1994 775 2060 campana
791 1979 934 2059 sonabat,

206 2086 363 2146 AEternam
377 2082 511 2162 requiem
534 2099 620 2146 nemo
634 2085 799 2162 preguabat
818 2082 860 2145 eis
877 2106 881 2144 :

166 2187 234 2250 Non
250 2189 373 2250 sanabat
387 2204 436 2250 eos
451 2188 532 2247 ullus
546 2183 678 2248 laniendo
693 2201 844 2264 oarossas,

209 2293 295 2356 Ullus
310 2309 365 2354 neo
378 2289 510 2354 medicus
523 2289 734 2354 merdieinabat
749 2307 799 2354 eos
814 2313 819 2350 :

168 2393 322 2473 Pottagios
341 2412 459 2472 grossos
472 2395 574 2456 nullus
586 2394 743 2456 mandabat
757 2392 889 2471 amious3

212 2499 290 2562 Cum
307 2498 426 2560 fortuna
441 2496 528 2576 perit,
549 2499 651 2560 nullus
666 2495 779 2560 anneus
793 2497 885 2560 adest.

170 2605 334 2683 Nunquam
352 2621 404 2684 per
423 2605 540 2683 plumas
554 2605 659 2666 molles
673 2607 785 2664 armata
805 2611 963 2682 repausat,

214 2709 249 2769 ln
265 2714 345 2770 terra
359 2709 450 2770 laetos
465 2723 572 2784 guerra
588 2705 684 2769 fidelis
702 2706 802 2768 habet.

170 2811 231 2873 Sed
246 2813 410 2873 memorare
424 2811 504 2888 uolo,
521 2827 580 2872 non
601 2807 691 2872 latius
705 2809 945 2888 extravagante,

214 2913 288 2985 Quae
304 2930 357 2992 per
375 2914 555 2976 Provensam
569 2913 646 2976 laeta
660 2913 744 2976 fuere
758 2914 858 2976 modo.

173 3021 235 3082 iste
248 3019 448 3100 iimperayrus
460 3019 497 3080 ad
511 3037 577 3098 noa,
598 3018 753 3099 veniendo,
772 3001 937 3100 brarabat,

215 3121 396 3200 lnduperare
413 3127 523 3200 putans
537 3121 676 3184 omnibus
690 3127 779 3200 atque
794 3121 865 3186 viris
880 3145 886 3185 :

170 3227 241 3286 lam
254 3223 309 3287 sibi
327 3225 506 3303 semblabat‚
523 3224 603 3302 quod
613 3225 878 3290 mundumrioerat
888 3245 1027 3291 ornnem.

218 3326 256 3388 Et
272 3327 352 3388 Deus
367 3325 397 3388 in
413 3327 496 3391 uoelis
509 3329 631 3406 iamque
646 3327 760 3392 timeret
777 3347 857 3392 eunt.

851 3437 869 3488 b
