2504 4240
249 400 266 459 l
589 419 618 461 l.
642 417 751 479 aanor,

255 529 345 586 urant
359 527 599 604 canones,legcs,
611 533 734 605 statuta,
746 533 775 590 et
789 527 952 591 laudabiles
971 547 1100 594 eonsue-

244 625 362 690 tudines
371 646 498 692 servaro.
510 630 990 712 Seudeconsuetuuinelaudabili,
1001 643 1031 696 et
1039 633 1101 695 'nn-

247 731 1100 814 memorabili,etdesacratlssimojme,christianissimus

246 843 347 901 noster
357 839 421 902 Rex
431 839 564 904 Franciae
580 858 636 902 non
647 839 1052 920 recognoscitlmperatorem
1066 842 1099 904 in

247 944 441 1026 superiorem;
460 963 514 1009 nee
523 953 569 1010 est
579 946 606 1008 ei
615 946 752 1008 subditus
763 954 796 1008 ut
806 946 833 1009 ei
843 945 1032 1025 subjiciatur,
1044 956 1100 1010 aut

246 1048 347 1130 ipsum
357 1060 574 1132 sequatur,per
584 1059 700 1115 textum
710 1053 745 1114 acl
756 1051 1013 1114 lroolormalemin
1024 1054 1100 1132 Cap.

246 1173 308 1234 per
321 1155 547 1218 Venerabilem.
563 1154 668 1216 Extra.
686 1154 746 1228 (lui
755 1153 818 1234 filii
828 1153 894 1216 sint
905 1153 1057 1234 reportant
1070 1161 1102 1216 et

250 1256 291 1320 ihi
307 1256 367 1321 late
383 1275 435 1337 per
450 1259 601 1320 Doctores.
621 1255 716 1319 lmmo
737 1255 761 1318 si
780 1263 992 1320 concurrerent
1010 1255 1103 1318 simul

249 1360 347 1438 ambo,
368 1358 529 1422 lateraliter
543 1367 721 1441 pergerent,
745 1359 911 1423 secuudum
933 1358 1104 1422 (luidonem

251 1459 341 1540 Pape,
355 1459 524 1534 Quaestione
538 1479 709 1526 conxnxnn
723 1485 728 1523 :
752 1469 782 1524 et
794 1460 836 1524 ibi
855 1478 909 1540 per
923 1478 993 1524 eurn
1007 1509 1014 1540 ,
1030 1459 1106 1524 etin

252 1561 316 1626 aliis
326 1563 413 1627 variis
431 1564 514 1628 locis.
538 1566 577 1628 ut
593 1583 652 1628 non
668 1564 732 1628 sine
745 1563 834 1627 causat
845 1563 952 1628 dicitur
966 1562 1106 1642 Francia,

256 1661 475 1745 quiaestlibera
484 1670 631 1742 etlranca;
644 1667 711 1746 quia
721 1687 780 1730 non
790 1667 882 1730 voluit
891 1683 1023 1746 unquam
1032 1668 1108 1730 sub*

251 1770 301 1850 jici
311 1772 495 1852 Imperatori,
508 1789 563 1836 nec
577 1771 697 1835 tributis
705 1773 850 1850 ejusdem.
863 1772 939 1834 Nam
952 1771 1105 1850 francum,

256 1875 334 1939 idem
348 1879 485 1956 estquod
498 1877 626 1943 liberum
641 1877 657 1939 a
670 1876 796 1940 sertitiis
808 1884 838 1940 et
849 1873 945 1956 operis
957 1874 1108 1938 exhiben-

255 1978 311 2043 dis.
334 1981 427 2043 Taceo
441 1997 510 2058 quae
523 1982 613 2044 relert
628 1982 737 2044 Baldus
751 1981 782 2043 in
802 1983 837 2043 L.
859 1979 1046 2041 Barbaricas.
1070 1981 1105 2041 fl.

257 2081 298 2144 de
310 2078 413 2163 officio
424 2083 598 2162 procidis,
614 2091 643 2146 et
658 2083 688 2146 in
704 2083 947 2148 constitutionem
962 2082 1109 2163 imperia-

256 2183 317 2243 lem
337 2180 374 2243 de
394 2183 558 2262 prohibite
576 2182 666 2264 feudi
688 2185 890 2248 alienatione.
914 2185 990 2248 Nam
1008 2183 1109 2246 omnis

255 2285 321 2348 Rex
345 2285 476 2350 Francia,
497 2287 529 2350 in
544 2306 599 2351 suo
620 2306 713 2368 regno
733 2288 919 2369 estquidam
942 2287 1107 2368 corporalis

255 2389 348 2468 Deus,
362 2395 392 2452 et
407 2407 495 2468 supra
507 2408 611 2454 omnes
623 2393 719 2471 Reges
734 2400 780 2456 est
793 2401 936 2471 tanquam
945 2392 1032 2454 stella
1042 2407 1109 2453 ma-

253 2493 351 2559 tutina
361 2494 393 2558 in
403 2495 498 2560 medio
511 2500 643 2580 nebulae,
658 2504 763 2577 utpote
778 2496 810 2560 in
824 2496 914 2560 rebus
928 2493 1109 2575 temporali*

257 2599 316 2663 bus
331 2597 513 2680 superiorem
528 2619 587 2663 non
602 2618 816 2679 recognoscens
829 2648 836 2680 ‚
862 2604 896 2660 ut
910 2595 988 2661 dicto
1011 2595 1111 2677 capite

257 2709 319 2770 Per
343 2705 568 2769 Venerabilem.
596 2704 636 2766 Et
649 2702 725 2766 sicut
737 2709 819 2766 totus
833 2702 965 2764 mundus
978 2699 1110 2780 quedam

258 2809 336 2874 clara
350 2808 457 2874 umbrat
470 2807 594 2890 tegitur,
605 2808 646 2870 ita
656 2825 784 2886 regnum
796 2806 928 2870 Franciae
941 2828 947 2868 :
962 2820 1032 2868 nam
1042 2805 1110 2868 Rex

259 2913 393 2978 Franciae
415 2933 476 2990 non
499 2920 556 2994 est,
578 2909 637 2974 nisi
650 2911 701 2973 ubi
716 2917 798 2974 tenet
822 2912 933 2992 pedes,
956 2915 1112 2973 ettamen

237 3043 239 3048 v
259 3015 366 3078 umbrat
379 3015 432 3078 sua
455 3014 531 3094 tegit
544 3021 642 3079 totum
656 3029 794 3092 regnum.
817 3013 908 3092 Ideo,
924 3011 1024 3091 inquit
1035 3011 1112 3076 Ovi-

258 3118 325 3183 dius
348 3120 380 3183 in
400 3120 559 3202 Epistolis:
577 3121 625 3184 Ao
647 3120 748 3184 nescis
765 3121 875 3200 loopos
888 3119 1025 3200 Repibus
1043 3136 1113 3182 esse

260 3227 400 3286 mnus?
413 3224 452 3287 Et
467 3225 624 3305 postquam
638 3225 702 3288 Rex
719 3222 852 3288 Franciae
862 3230 971 3286 unctus
985 3229 1031 3286 est
1045 3223 1113 3284 oleo

261 3323 359 3388 divino
372 3375 379 3407 ,
394 3325 562 3391 immediate
575 3328 664 3392 hahet
678 3325 725 3389 sui
739 3325 824 3404 regni
835 3324 996 3406 imperium
1008 3344 1016 3403 ;
1038 3324 1113 3388 adeo
