2538 4224
248 387 287 446 et
512 401 632 448 narona
654 403 836 450 rurnnrnrsa

248 513 313 576 Non
328 511 440 576 veniale
458 512 532 576 mihi
543 521 709 595 peccatum,
726 514 751 578 si
765 518 853 579 modo
867 515 982 579 Fransa

292 616 441 680 Prendere
454 633 503 680 me
517 625 633 698 posset;
654 636 757 698 grossa
772 617 864 682 riaiha
883 619 959 683 foret
975 642 983 681 :

252 720 487 801 perarmare,
503 739 662 802 personam
676 723 752 786 torte
765 722 886 801 ligando
901 771 908 799 ‚

293 825 336 888 De
349 823 474 905 pedibus
489 825 600 889 nostris
612 843 698 889 sensa
711 832 808 889 tocare
823 827 923 888 solum
936 849 943 888 ε

254 929 343 992 Esset
356 945 512 1009 processus
527 936 627 1010 presto
641 946 731 1009 supra
744 930 774 990 lo
791 929 942 992 burellum
956 979 964 1009 ,

294 1030 382 1094 Curia
400 1030 556 1096 confestim
575 1031 687 1110 judicat
701 1049 791 1094 omne
804 1035 930 1096 malum.

257 1136 314 1200 Pro
328 1153 378 1200 me
391 1155 450 1200 non
465 1145 544 1200 esset
558 1135 685 1199 nirttium
700 1135 847 1200 sententia
862 1154 963 1215 grassa
978 1186 985 1217 ,

293 1238 475 1302 Esmendam
489 1241 630 1319 facerent,
651 1259 705 1320 pro
719 1239 850 1319 ratione,
866 1242 987 1304 honam.

255 1342 353 1422 illam,
369 1359 472 1423 penso,
491 1343 595 1408 darent
609 1343 729 1407 Domini
743 1343 780 1407 de
792 1345 860 1422 jnre
874 1351 987 1408 retorto
1001 1394 1009 1423 ,

294 1444 403 1508 Contra
423 1463 472 1510 me
487 1449 618 1509 multum
634 1447 716 1510 coria
730 1465 813 1510 sacra
827 1449 907 1510 dolet
925 1471 931 1509 :

256 1547 304 1610 Nil
318 1547 392 1612 mihi
406 1552 560 1630 proficeret
574 1569 655 1616 nuno
666 1551 856 1616 Chanceleria
870 1556 933 1613 tota

295 1649 393 1714 Hicin
407 1652 567 1730 Provensa,
583 1669 631 1715 res
645 1651 719 1714 milri
731 1659 810 1714 certa
825 1657 937 1714 manet.

257 1751 289 1816 Si
302 1751 484 1816 Garsonetus
503 1770 567 1818 mas
581 1756 685 1817 lettras
703 1753 755 1816 ille
768 1753 879 1816 rideret
895 1801 902 1831 ‚

297 1857 482 1920 Estrassaret
497 1875 558 1934 eas,
575 1874 660 1920 sensa
675 1857 781 1920 dotare
796 1855 881 1918 nihil.

259 1959 319 2023 Nec
333 1959 407 2023 ntihi
426 1962 581 2041 proficeret
600 1977 681 2024 nunc
699 1957 888 2024 Chanceleria
907 1956 1052 2036 grandis,

299 2063 373 2136 Quae
386 2070 463 2126 totas
478 2081 582 2127 causas
598 2081 667 2127 cum
681 2063 795 2127 ratione
809 2061 889 2126 facit.

261 2165 295 2226 in
310 2170 371 2226 tota
391 2165 503 2228 Fransa
522 2165 565 2228 nil
580 2168 764 2247 perdonansa
780 2167 911 2239 valeret,
991 2165 993 2170 ’

299 2266 440 2340 Quamvis
453 2269 481 2330 la
495 2266 612 2331 minuta
627 2267 684 2331 rite
703 2268 824 2331 coohata
838 2268 915 2330 foret
931 2289 937 2328 :

260 2371 338 2452 Non,
350 2370 486 2451 quamvis
495 2372 622 2453 propriis
633 2371 772 2436 manibus
787 2373 852 2434 Rex
865 2370 1008 2434 scriberet
1019 2371 1116 2448 iilam,

302 2472 493 2537 Francisoum
507 2489 614 2538 nomen
630 2479 754 2553 poneret
768 2469 859 2551 atque
874 2488 983 2551 suum;

263 2577 303 2641 m
322 2575 348 2640 si
360 2578 494 2642 Deliinus
508 2577 598 2641 etiam
612 2575 778 2641 consentiat
795 2574 859 2652 illi,

305 2681 345 2746 lit
359 2681 432 2746 mihi
446 2683 600 2763 perdonet,
616 2699 676 2744 non
692 2683 769 2744 bene
782 2686 868 2743 tutus
882 2697 943 2744 ero.

196 2791 200 2798 '
267 2785 417 2851 Antonius
430 2789 561 2868 Burgus,
577 2801 662 2866 gram
676 2783 888 2849 Chancelerius'
898 2783 968 2866 ille,

307 2901 364 2968 ct?
373 2895 439 2958 Non
453 2899 585 2975 passaret
598 2908 682 2969 eam,
698 2890 880 2973 respiciendo
894 2893 981 2956 bene.

267 2997 322 3060 Est
335 3000 433 3062 bonus
447 3005 477 3062 et
491 2999 633 3079 prudens,
649 2989 797 3078 sapienter
816 3004 923 3060 cuncta
937 2995 1078 3075 regardat
1092 3045 1100 3074 ,

308 3101 473 3166 Consilium
487 3100 621 3181 sequitur
635 3099 757 3164 Francia
772 3107 833 3162 tota
856 3115 956 3162 sunm.

269 3197 423 3264 iusticiam
437 3209 560 3279 rectam,
576 3218 694 3265 summa
708 3200 833 3276 ratione,
848 3205 1012 3279 governat,

310 3305 478 3385 Despaehat
491 3309 645 3388 popolum,
662 3321 777 3386 semper
792 3305 917 3368 amando
931 3305 1029 3368 Deum
1044 3324 1052 3364 :
