2538 4224
423 451 578 505 carourour
600 449 805 495 rarruaarorus.
1004 431 1042 490 93

190 561 213 624 0
229 577 326 639 genus
341 559 495 638 ingratum
508 561 514 622 l
531 557 659 622 crudelia
675 565 791 639 pectora
805 557 899 620 caecal

232 669 311 730 Sunt
325 664 442 745 ingrata
456 663 545 728 nimis
561 681 683 744 corpora
701 669 796 726 vestra
811 662 910 725 modo.

188 779 245 846 <ff
257 773 367 842 Contra
388 776 472 833 tuam
495 768 652 832 Dominam
671 768 835 845 Fransam,
852 767 1043 846 guerraod0‚

229 873 371 953 Ingratus
384 886 540 950 uunquam
552 867 751 950 prosperitare
763 869 848 930 solet.
883 867 1020 952 [rebellas
1035 891 1041 931 :

190 975 282 1040 Anisa
301 974 372 1055 quid
387 973 476 1038 iacies
490 972 624 1054 posthac,
644 978 675 1034 te
688 971 801 1034 Fransa
812 977 983 1052 moneslat,

230 1077 355 1142 Francia
369 1095 423 1158 per
438 1093 555 1157 semper
568 1078 597 1138 la
612 1082 663 1138 tua
678 1081 774 1138 mater
788 1073 845 1139 erit
860 1097 866 1136 :

191 1179 239 1242 Ad
253 1181 398 1244 Fransam
412 1197 530 1261 semper
543 1180 632 1243 debes
643 1179 768 1261 baysare
786 1178 912 1258 peadas‚

229 1289 270 1352 Et
284 1287 412 1368 genibus
427 1285 512 1350 flexis
527 1287 604 1349 banc
618 1286 770 1350 redamare
782 1285 870 1348 bene.

192 1397 265 1458 Plus
280 1411 366 1473 gram
382 1391 550 1473 seruitium,
566 1390 623 1472 dic,
642 1390 709 1471 quis
728 1390 781 1456 tibi
792 1392 870 1454 ferre
881 1391 1021 1473 potebat,

227 1507 285 1574 a?
298 1500 395 1574 Quam
408 1506 437 1562 te
451 1499 502 1561 des
520 1495 632 1561 diables
650 1496 840 1576 despegolare
853 1499 971 1558 manu‘l

190 1609 299 1673 Nullus
313 1606 346 1670 iu'
362 1607 420 1670 hoc
433 1605 545 1668 mundo
560 1607 672 1668 salsam
691 1610 722 1666 te
739 1600 862 1665 Francia
877 1599 946 1664 iecit
960 1621 967 1681 3

229 1713 269 1776 Et
284 1711 310 1775 si
323 1709 418 1776 credis
433 1706 472 1789 ei,
492 1714 526 1770 tu
540 1709 617 1771 bene
636 1723 753 1789 semper
771 1704 830 1768 eris
850 1727 857 1768 :

191 1813 257 1876 Non
276 1811 334 1876 eris
348 1809 478 1890 ingrata,
501 1827 539 1874 nc
554 1809 594 1873 sis
606 1825 679 1872 cane
695 1809 789 1889 pejor,
803 1814 834 1871 et
853 1823 972 1886 angue,

233 1916 371 1994 Ingratos
384 1913 521 1977 homiues
535 1915 667 1977 mundus
686 1929 785 1976 amare
796 1909 887 1992 rugit.

192 2016 253 2080 Nos
272 2033 378 2079 sumus
396 2015 433 2078 ad
447 2013 611 2096 Christum,
629 2013 685 2078 toti
699 2013 832 2078 vivamus
846 2014 953 2096 amici,

229 2118 424 2201 &Spagnia
444 2135 497 2198 per
515 2119 659 2182 Fransam
673 2117 870 2184 Christieuata
891 2118 958 2183 luit.

193 2223 296 2286 Unum
310 2220 497 2303 propositum
509 2239 569 2286 uon
580 2221 715 2302 linquam
734 2221 832 2287 dicere
849 2239 972 2303 acrum,

231 2326 316 2399 Quod
330 2327 402 2389 dum
413 2341 575 2407 propenso,
591 2324 670 2388 risus
681 2325 718 2388 ad
737 2343 786 2388 ora
806 2323 898 2389 venit.

191 2427 315 2499 Quando
326 2421 507 2509 returnabat,
523 2427 675 2508 rugiendo,
691 2442 814 2506 campus
833 2433 983 2490 atrassum
1001 2473 1009 2505 ,

230 2534 402 2617 Layssando
420 2550 560 2615 paysum,
576 2549 609 2596 sc
628 2529 778 2596 rotiraudo
800 2529 880 2594 cito:

191 2638 304 2702 Omnes
323 2635 499 2717 lanovilla,
519 2653 572 2716 per
586 2653 661 2715 quas
672 2634 811 2716 passabat
829 2632 948 2713 eundo,

231 2740 270 2802 Se
290 2738 498 2819 defendebant,
515 2755 596 2802 arma
614 2737 743 2802 tenendo
762 2753 865 2800 manu.

190 2843 284 2908 Nemo
297 2842 359 2906 suis
371 2841 464 2922 jussis
478 2841 589 2922 aliquid
601 2859 705 2923 parere
723 2843 861 2921 volebat,

230 2947 288 3009 Pro
304 2945 397 3010 nihilo
411 2949 539 3028 populus
552 2953 625 3011 tunc
645 2946 803 3027 reputabat
817 2959 900 3007 eum.
1000 2957 1005 2962 ’

193 3048 279 3112 Ullus
296 3048 333 3113 de
346 3067 438 3132 payso
455 3068 513 3113 nou
529 3068 560 3114 se
581 3044 723 3113 rendebat
737 3049 773 3112 ad
787 3047 907 3129 ipsum,

231 3153 387 3232 Tanquam
402 3155 589 3236 raynardum
611 3151 738 3234 quisque
756 3152 898 3217 cochabat
912 3166 995 3222 eumq

192 3253 250 3318 Sed
265 3253 333 3334 quia
346 3275 405 3320 non
420 3255 517 3338 potuit
532 3255 617 3320 villas
636 3255 790 3321 devincere
802 3273 939 3336 grossas3

232 3362 292 3426 Nec
312 3381 364 3428 sua
376 3381 536 3446 poyssansa
551 3363 695 3446 prendere
708 3370 808 3446 posset
822 3380 890 3446 eas,
