2538 4224
392 466 549 520 curemque
570 467 780 514 rurrrrrcrrs.
976 458 1014 518 83

162 577 295 658 Haymet
314 575 432 651 saldati,
447 592 539 655 quam
553 576 592 640 sit
605 577 725 640 icrtuna
739 577 850 642 ribalda
862 581 869 640 1

199 682 289 744 Nulla
303 679 378 742 fides
391 679 422 741 in
437 696 470 742 ea
485 688 542 761 est,
562 698 644 744 nunc
657 680 730 743 mihi
746 689 843 764 trayta
857 690 959 747 manet
973 707 981 748 ε

158 785 265 850 Nescio
279 783 351 863 quid
365 783 481 863 faciam,
497 792 631 848 nestram
642 782 798 848 fantastice
812 791 941 866 testum,

198 891 368 953 Cerealium
387 887 456 952 fecit
469 889 593 968 perdere
610 889 722 951 Fransa
736 905 850 952 meum.

157 995 242 1057 Mens
251 1009 315 1057 mea
324 991 650 1054 nuncdansamdansat
659 992 1010 1075 benelatravalhantem‚

196 1103 254 1170 qt?
266 1096 325 1159 Sed
339 1094 403 1158 sine
416 1111 558 1158 mensura
577 1093 709 1174 timpena
723 1102 826 1158 nostra
840 1103 951 1160 tecant.

155 1200 254 1263 Ardas
266 1195 394 1277 quisque
405 1215 475 1260 suas
489 1196 647 1260 confestim
660 1197 780 1277 colligat
794 1216 921 1279 omnes,

195 1289 346 1377 Linquere
359 1301 541 1363 Prorensam
554 1319 608 1364 nos
622 1303 709 1365 mede
720 1303 831 1367 Fransa
842 1305 930 1384 iubet
946 1328 952 1367 :

157 1402 192 1464 ln
206 1404 333 1465 mancha
349 1419 441 1483 panes
455 1409 555 1483 pcrtet
569 1421 623 1483 pro
635 1403 768 1483 quinque
781 1405 907 1486 diebus,

194 1507 239 1570 Ne
253 1513 377 1587 percant
391 1505 494 1586 aliqui,
514 1524 569 1569 uus
584 1506 744 1588 retirandc‚
760 1508 849 1571 fame.

154 1611 261 1673 Prestc
281 1625 367 1672 suam
381 1609 451 1672 tecit
461 1609 580 1674 tristem
594 1618 745 1690 trcmparc
758 1617 917 1676 retrectam
932 1633 939 1690 ;

191 1712 316 1786 Quande
331 1718 456 1775 retrecta
468 1720 564 1794 senet,
580 1713 709 1793 quisque
721 1713 860 1777 delentus
875 1721 950 1778 erat.

148 1815 318 1878 Dehardare
330 1813 411 1879 vides
428 1822 590 1894 armatam;
611 1822 711 1878 trente
722 1814 854 1897 diablus,

191 1917 335 1999 Dixisses,
351 1925 431 1982 certe
445 1920 589 2000 prendere
604 1921 691 1984 rellet
705 1936 782 1984 cam.

149 2022 263 2088 Omnes
276 2021 401 2086 uidisses
412 2039 531 2100 grossas
542 2023 663 2087 brutare
676 2024 844 2104 cabannas,

188 2125 237 2188 Au
253 2127 334 2205 piam
345 2124 495 2188 d’Alhanc
510 2124 592 2188 mille
606 2125 721 2190 remille
732 2128 824 2190 iocos.

145 2233 323 2311 Beue-sele,
342 2233 412 2294 hoto
425 2232 504 2306 hest,
520 2237 650 2312 montes,
663 2237 777 2312 nutius,
799 2249 815 2294 3
830 2232 976 2294 cavallum
993 2248 1000 2288 ε

187 2335 285 2410 οῖΑ
300 2337 414 2414 charel,
430 2353 446 2396 3
460 2333 556 2398 chival
571 2342 685 2414 monte,
701 2335 814 2398 ribaldc
828 2338 910 2400 caval
925 2359 930 2397 :

146 2439 312 2520 Teupatata
325 2445 447 2518 petateu
459 2439 518 2501 tort
530 2437 698 2501 tambcrina
711 2439 851 2501 tccahant
864 2487 871 2518 ‚

187 2545 289 2624 Atque
299 2543 512 2607 malenccniter
526 2561 614 2606 rauca
626 2543 718 2606 flouta
731 2540 830 2603 siblet.

146 2650 363 2714 All’estandart
377 2643 508 2723 tandart,
521 2665 550 2726 c,
566 2652 701 2710 montate
713 2647 840 2710 carellus
857 2697 863 2727 ‚

187 2750 304 2816 ltaliam
317 2767 423 2814 versus
435 2767 490 2812 nos
502 2747 628 2812 retirare
639 2750 733 2812 decet.

145 2857 188 2921 La
201 2856 279 2918 mala
289 2852 406 2918 battani
416 2852 488 2934 heti,
503 2853 576 2934 heli,
590 2853 712 2918 Francia
725 2859 850 2918 mennat
865 2901 872 2930 ,

185 2956 301 3022 ltaliam
311 2975 417 3022 versus
430 2975 485 3020 nes
499 2959 632 3022 reculare
645 2957 741 3021 dccet.

142 3064 201 3126 Per
212 3061 308 3126 varies
320 3079 425 3141 casua,
438 3079 492 3142 per
503 3067 548 3124 tot
559 3059 729 3124 discrimina
742 3075 865 3136 rerum,

181 3163 345 3226 Tendimus
358 3163 389 3225 in
401 3164 535 3242 laqueos,
549 3161 647 3242 credo,
661 3162 778 3224 volente
790 3161 862 3226 Dee.

141 3262 267 3328 Francia
281 3281 363 3328 nunc
374 3265 521 3339 marchat,
534 3279 603 3341 quae
614 3279 669 3324 nos
681 3262 818 3342 chaplare
830 3263 975 3344 requirit,

180 3370 219 3432 Et
232 3367 429 3449 pdscnerium
442 3385 491 3432 me
503 3365 585 3449 cupit
597 3383 663 3430 esse
675 3381 776 3430 suum.
