2504 4240
254 390 291 452 ta

250 519 275 583 0
293 524 404 582 nostrae
424 523 574 600 reparator
592 517 667 600 opis,
687 519 865 584 descendere
879 521 978 600 lapsos

291 623 331 689 Ut
344 625 456 688 releves
467 621 595 704 iterum,
611 630 642 688 tc
652 624 730 688 bone
747 623 875 704 Christe,
891 624 996 702 decet,

170 719 173 730 '
251 722 290 788 lli
303 722 372 804 quia
386 740 467 789 nunc
484 731 582 788 totum
597 723 738 789 vitiarunt
752 724 854 788 ordine
872 741 1027 804 cosmum,

292 828 450 894 liundaras
468 847 559 910 quem
570 837 604 893 tu
619 829 774 909 sangnine,
791 830 842 893 sed
854 827 985 911 proprio.

254 931 417 996 vastarunt
430 931 516 996 bellis
527 939 625 996 toturn
638 931 807 996 exitialibus
819 934 922 996 orbern
938 953 944 993 :
1059 923 1062 928 ’

294 1038 391 1116 neges
404 1038 483 1101 heul
499 1036 577 1101 inter
595 1035 666 1116 quid
680 1035 757 1118 parit
775 1035 817 1101 ira
832 1039 924 1101 dnos!

255 1137 381 1220 Experti
399 1137 470 1219 quid
483 1140 560 1204 ltella
574 1140 683 1220 ierant,
698 1141 855 1204 laudemus
866 1145 986 1203 ovantes

294 1247 401 1312 Pacem
415 1269 421 1308 :
445 1253 516 1310 surrt
526 1247 616 1324 iustis
630 1246 743 1312 sontica
757 1249 834 1312 bella
847 1249 924 1312 lues.

254 1349 413 1433 composui
424 1348 519 1414 varios
532 1350 604 1416 olim
618 1353 675 1415 sub
689 1369 764 1434 rope
776 1369 919 1432 canores,

292 1459 371 1522 Dum
389 1456 504 1520 innam
518 1454 614 1520 rnusis
630 1457 767 1537 iunctus,
786 1455 896 1537 Arena,
914 1455 985 1520 tuis.

252 1565 350 1641 Nunc,
366 1579 447 1626 nnnc
458 1567 553 1626 metra
565 1559 665 1641 silent,
678 1562 849 1626 tunduntur
862 1569 996 1644 tempora
1007 1561 1102 1642 curis;

293 1669 428 1750 Occupor
441 1674 472 1732 et
483 1665 574 1746 iustis
586 1664 843 1730 sollicitudinibus.

255 1773 434 1856 Quantisper
447 1771 527 1852 rigni
544 1778 680 1853 quaerent
693 1771 815 1837 declivia
828 1773 946 1854 fontes,

295 1880 375 1943 llum
388 1883 488 1959 gemet
501 1875 669 1941 extinctum
682 1877 802 1956 garrula
819 1882 915 1940 mater
932 1877 1030 1960 ltpnr,

255 1982 447 2062 lanceolam,
461 1987 493 2044 te
511 1997 628 2062 semper
640 1996 738 2059 agorn,
753 1987 784 2044 te
797 1995 915 2061 semper
928 1979 1033 2046 amabo
1051 2003 1060 2043 ι

272 2133 277 2144 ,
294 2084 342 2150 Sic
355 2085 492 2150 claudent
511 2092 627 2150 nostros
641 2085 746 2148 lunera
761 2100 877 2148 summa
889 2083 963 2150 dies.
